,OnFirst,OnSecond,OnThird,PointDiff,Points,Team,flags.is_hit,flags.is_passed_ball,hit_location,hit_type,hitter.id,hitter.last_name,innings,pitcher.hitter_hand,pitcher.id,pitcher.last_name,pitcher.pitch_count,pitcher.pitch_speed,pitcher.pitch_type,pitcher.pitch_zone,pitcher.pitcher_hand,cloud_cover,condition,dew_point_f,humidity,obs_time,temp_f,wind_direction,wind_speed,Homegame?,Nightgame?
0,0.0,0.0,0.0,0,0,Cardinals,False,False,0,0,a91b5de2-7809-4c9c-b67a-409835c5f17e,Fowler,1,L,6855df4f-2088-41ae-913f-aa74e56012a6,Chatwood,1.0,93.0,FA,9.0,R,50.0,Partly cloudy,20.0,46.0,2018-05-05T01:58:26.000Z,40.0,E,9.0,0.0,1.0
1,0.0,0.0,0.0,0,0,Cardinals,False,False,0,0,a91b5de2-7809-4c9c-b67a-409835c5f17e,Fowler,1,L,6855df4f-2088-41ae-913f-aa74e56012a6,Chatwood,2.0,79.0,CU,8.0,R,50.0,Partly cloudy,20.0,46.0,2018-05-05T01:58:26.000Z,40.0,E,9.0,0.0,1.0
2,0.0,0.0,0.0,0,0,Cardinals,False,False,0,0,a91b5de2-7809-4c9c-b67a-409835c5f17e,Fowler,1,L,6855df4f-2088-41ae-913f-aa74e56012a6,Chatwood,3.0,95.0,FA,11.0,R,50.0,Partly cloudy,20.0,46.0,2018-05-05T01:58:26.000Z,40.0,E,9.0,0.0,1.0
3,0.0,0.0,0.0,0,0,Cardinals,False,False,0,0,a91b5de2-7809-4c9c-b67a-409835c5f17e,Fowler,1,L,6855df4f-2088-41ae-913f-aa74e56012a6,Chatwood,4.0,89.0,CT,13.0,R,50.0,Partly cloudy,20.0,46.0,2018-05-05T01:58:26.000Z,40.0,E,9.0,0.0,1.0
4,0.0,0.0,0.0,0,0,Cardinals,False,False,0,0,a8ff76c9-1554-421c-baed-2a22fb00ad71,Pham,1,R,6855df4f-2088-41ae-913f-aa74e56012a6,Chatwood,5.0,94.0,FA,7.0,R,50.0,Partly cloudy,20.0,46.0,2018-05-05T01:58:26.000Z,40.0,E,9.0,0.0,1.0
5,0.0,0.0,0.0,0,0,Cardinals,False,False,0,0,a8ff76c9-1554-421c-baed-2a22fb00ad71,Pham,1,R,6855df4f-2088-41ae-913f-aa74e56012a6,Chatwood,6.0,94.0,FA,8.0,R,50.0,Partly cloudy,20.0,46.0,2018-05-05T01:58:26.000Z,40.0,E,9.0,0.0,1.0
6,0.0,0.0,0.0,0,0,Cardinals,False,False,0,0,a8ff76c9-1554-421c-baed-2a22fb00ad71,Pham,1,R,6855df4f-2088-41ae-913f-aa74e56012a6,Chatwood,7.0,96.0,FA,13.0,R,50.0,Partly cloudy,20.0,46.0,2018-05-05T01:58:26.000Z,40.0,E,9.0,0.0,1.0
7,0.0,0.0,0.0,0,0,Cardinals,False,False,0,0,a8ff76c9-1554-421c-baed-2a22fb00ad71,Pham,1,R,6855df4f-2088-41ae-913f-aa74e56012a6,Chatwood,8.0,95.0,FA,4.0,R,50.0,Partly cloudy,20.0,46.0,2018-05-05T01:58:26.000Z,40.0,E,9.0,0.0,1.0
8,0.0,0.0,0.0,0,0,Cardinals,False,False,0,0,a8cd51db-4a15-454a-836d-79fe158f7b71,Carpenter,1,L,6855df4f-2088-41ae-913f-aa74e56012a6,Chatwood,9.0,94.0,FA,5.0,R,50.0,Partly cloudy,20.0,46.0,2018-05-05T01:58:26.000Z,40.0,E,9.0,0.0,1.0
9,0.0,0.0,0.0,0,0,Cardinals,False,False,0,0,a8cd51db-4a15-454a-836d-79fe158f7b71,Carpenter,1,L,6855df4f-2088-41ae-913f-aa74e56012a6,Chatwood,10.0,81.0,CU,12.0,R,50.0,Partly cloudy,20.0,46.0,2018-05-05T01:58:26.000Z,40.0,E,9.0,0.0,1.0
10,0.0,0.0,0.0,0,0,Cardinals,False,False,0,0,a8cd51db-4a15-454a-836d-79fe158f7b71,Carpenter,1,L,6855df4f-2088-41ae-913f-aa74e56012a6,Chatwood,11.0,81.0,CU,13.0,R,50.0,Partly cloudy,20.0,46.0,2018-05-05T01:58:26.000Z,40.0,E,9.0,0.0,1.0
11,0.0,0.0,0.0,0,0,Cardinals,False,False,0,0,a8cd51db-4a15-454a-836d-79fe158f7b71,Carpenter,1,L,6855df4f-2088-41ae-913f-aa74e56012a6,Chatwood,12.0,95.0,FA,11.0,R,50.0,Partly cloudy,20.0,46.0,2018-05-05T01:58:26.000Z,40.0,E,9.0,0.0,1.0
12,0.0,0.0,0.0,0,0,Cardinals,False,False,0,0,a8cd51db-4a15-454a-836d-79fe158f7b71,Carpenter,1,L,6855df4f-2088-41ae-913f-aa74e56012a6,Chatwood,13.0,94.0,FA,11.0,R,50.0,Partly cloudy,20.0,46.0,2018-05-05T01:58:26.000Z,40.0,E,9.0,0.0,1.0
13,1.0,0.0,0.0,0,0,Cardinals,False,False,0,0,57f0a40f-e0f5-4e76-bd59-b8c4de7a680c,Ozuna,1,R,6855df4f-2088-41ae-913f-aa74e56012a6,Chatwood,14.0,95.0,FA,13.0,R,50.0,Partly cloudy,20.0,46.0,2018-05-05T01:58:26.000Z,40.0,E,9.0,0.0,1.0
14,1.0,0.0,0.0,0,0,Cardinals,False,False,15,FB,57f0a40f-e0f5-4e76-bd59-b8c4de7a680c,Ozuna,1,R,6855df4f-2088-41ae-913f-aa74e56012a6,Chatwood,15.0,95.0,FA,1.0,R,50.0,Partly cloudy,20.0,46.0,2018-05-05T01:58:26.000Z,40.0,E,9.0,0.0,1.0
15,0.0,0.0,0.0,0,0,Cardinals,False,False,0,0,3f662257-e3e5-41f9-826d-06357392ce5b,Martinez,2,R,6855df4f-2088-41ae-913f-aa74e56012a6,Chatwood,16.0,94.0,FA,11.0,R,50.0,Partly cloudy,20.0,46.0,2018-05-05T01:58:26.000Z,40.0,E,9.0,0.0,1.0
16,0.0,0.0,0.0,0,0,Cardinals,False,False,0,0,3f662257-e3e5-41f9-826d-06357392ce5b,Martinez,2,R,6855df4f-2088-41ae-913f-aa74e56012a6,Chatwood,17.0,92.0,FA,10.0,R,50.0,Partly cloudy,20.0,46.0,2018-05-05T01:58:26.000Z,40.0,E,9.0,0.0,1.0
17,0.0,0.0,0.0,0,0,Cardinals,False,False,0,0,3f662257-e3e5-41f9-826d-06357392ce5b,Martinez,2,R,6855df4f-2088-41ae-913f-aa74e56012a6,Chatwood,18.0,93.0,FA,1.0,R,50.0,Partly cloudy,20.0,46.0,2018-05-05T01:58:26.000Z,40.0,E,9.0,0.0,1.0
18,0.0,0.0,0.0,0,0,Cardinals,False,False,0,0,3f662257-e3e5-41f9-826d-06357392ce5b,Martinez,2,R,6855df4f-2088-41ae-913f-aa74e56012a6,Chatwood,19.0,94.0,FA,12.0,R,50.0,Partly cloudy,20.0,46.0,2018-05-05T01:58:26.000Z,40.0,E,9.0,0.0,1.0
19,0.0,0.0,0.0,0,0,Cardinals,False,False,0,0,3f662257-e3e5-41f9-826d-06357392ce5b,Martinez,2,R,6855df4f-2088-41ae-913f-aa74e56012a6,Chatwood,20.0,94.0,FA,13.0,R,50.0,Partly cloudy,20.0,46.0,2018-05-05T01:58:26.000Z,40.0,E,9.0,0.0,1.0
20,1.0,0.0,0.0,0,0,Cardinals,False,False,0,0,6e790e8d-85cb-4c75-8f1f-8c12f410f3ab,Molina,2,R,6855df4f-2088-41ae-913f-aa74e56012a6,Chatwood,21.0,92.0,FA,10.0,R,50.0,Partly cloudy,20.0,46.0,2018-05-05T01:58:26.000Z,40.0,E,9.0,0.0,1.0
21,1.0,0.0,0.0,0,0,Cardinals,False,False,0,0,6e790e8d-85cb-4c75-8f1f-8c12f410f3ab,Molina,2,R,6855df4f-2088-41ae-913f-aa74e56012a6,Chatwood,22.0,88.0,CT,13.0,R,50.0,Partly cloudy,20.0,46.0,2018-05-05T01:58:26.000Z,40.0,E,9.0,0.0,1.0
22,1.0,0.0,0.0,0,0,Cardinals,False,False,0,0,6e790e8d-85cb-4c75-8f1f-8c12f410f3ab,Molina,2,R,6855df4f-2088-41ae-913f-aa74e56012a6,Chatwood,23.0,88.0,CT,4.0,R,50.0,Partly cloudy,20.0,46.0,2018-05-05T01:58:26.000Z,40.0,E,9.0,0.0,1.0
23,1.0,0.0,0.0,0,0,Cardinals,False,False,0,0,6e790e8d-85cb-4c75-8f1f-8c12f410f3ab,Molina,2,R,6855df4f-2088-41ae-913f-aa74e56012a6,Chatwood,24.0,94.0,FA,13.0,R,50.0,Partly cloudy,20.0,46.0,2018-05-05T01:58:26.000Z,40.0,E,9.0,0.0,1.0
24,1.0,0.0,0.0,0,0,Cardinals,False,False,0,0,6e790e8d-85cb-4c75-8f1f-8c12f410f3ab,Molina,2,R,6855df4f-2088-41ae-913f-aa74e56012a6,Chatwood,25.0,87.0,CT,13.0,R,50.0,Partly cloudy,20.0,46.0,2018-05-05T01:58:26.000Z,40.0,E,9.0,0.0,1.0
25,1.0,0.0,0.0,0,0,Cardinals,False,False,0,0,6e790e8d-85cb-4c75-8f1f-8c12f410f3ab,Molina,2,R,6855df4f-2088-41ae-913f-aa74e56012a6,Chatwood,26.0,94.0,FA,13.0,R,50.0,Partly cloudy,20.0,46.0,2018-05-05T01:58:26.000Z,40.0,E,9.0,0.0,1.0
26,1.0,0.0,0.0,0,0,Cardinals,False,False,0,0,6e790e8d-85cb-4c75-8f1f-8c12f410f3ab,Molina,2,R,6855df4f-2088-41ae-913f-aa74e56012a6,Chatwood,27.0,86.0,CH,12.0,R,50.0,Partly cloudy,20.0,46.0,2018-05-05T01:58:26.000Z,40.0,E,9.0,0.0,1.0
27,1.0,0.0,0.0,0,0,Cardinals,False,False,0,0,6e790e8d-85cb-4c75-8f1f-8c12f410f3ab,Molina,2,R,6855df4f-2088-41ae-913f-aa74e56012a6,Chatwood,28.0,79.0,CU,13.0,R,50.0,Partly cloudy,20.0,46.0,2018-05-05T01:58:26.000Z,40.0,E,9.0,0.0,1.0
28,1.0,0.0,0.0,0,0,Cardinals,False,False,0,0,6e790e8d-85cb-4c75-8f1f-8c12f410f3ab,Molina,2,R,6855df4f-2088-41ae-913f-aa74e56012a6,Chatwood,29.0,87.0,CT,10.0,R,50.0,Partly cloudy,20.0,46.0,2018-05-05T01:58:26.000Z,40.0,E,9.0,0.0,1.0
29,1.0,1.0,0.0,0,0,Cardinals,False,False,0,0,d0a6b792-d552-46d6-8397-75b866f15112,García,2,L,6855df4f-2088-41ae-913f-aa74e56012a6,Chatwood,30.0,93.0,FA,5.0,R,50.0,Partly cloudy,20.0,46.0,2018-05-05T01:58:26.000Z,40.0,E,9.0,0.0,1.0
30,1.0,1.0,0.0,0,0,Cardinals,False,False,0,0,d0a6b792-d552-46d6-8397-75b866f15112,García,2,L,6855df4f-2088-41ae-913f-aa74e56012a6,Chatwood,31.0,89.0,CT,7.0,R,50.0,Partly cloudy,20.0,46.0,2018-05-05T01:58:26.000Z,40.0,E,9.0,0.0,1.0
31,1.0,1.0,0.0,0,0,Cardinals,False,False,0,0,d0a6b792-d552-46d6-8397-75b866f15112,García,2,L,6855df4f-2088-41ae-913f-aa74e56012a6,Chatwood,32.0,79.0,CU,8.0,R,50.0,Partly cloudy,20.0,46.0,2018-05-05T01:58:26.000Z,40.0,E,9.0,0.0,1.0
32,1.0,1.0,0.0,0,0,Cardinals,False,False,0,0,cf302aef-cb3a-4626-ba44-a9bc7bbb3f5b,DeJong,2,R,6855df4f-2088-41ae-913f-aa74e56012a6,Chatwood,33.0,94.0,FA,1.0,R,50.0,Partly cloudy,20.0,46.0,2018-05-05T01:58:26.000Z,40.0,E,9.0,0.0,1.0
33,1.0,1.0,0.0,0,0,Cardinals,False,False,0,0,cf302aef-cb3a-4626-ba44-a9bc7bbb3f5b,DeJong,2,R,6855df4f-2088-41ae-913f-aa74e56012a6,Chatwood,34.0,79.0,CU,10.0,R,50.0,Partly cloudy,20.0,46.0,2018-05-05T01:58:26.000Z,40.0,E,9.0,0.0,1.0
34,1.0,1.0,0.0,0,0,Cardinals,False,False,0,0,cf302aef-cb3a-4626-ba44-a9bc7bbb3f5b,DeJong,2,R,6855df4f-2088-41ae-913f-aa74e56012a6,Chatwood,35.0,79.0,CU,5.0,R,50.0,Partly cloudy,20.0,46.0,2018-05-05T01:58:26.000Z,40.0,E,9.0,0.0,1.0
35,1.0,1.0,0.0,0,0,Cardinals,False,False,0,0,cf302aef-cb3a-4626-ba44-a9bc7bbb3f5b,DeJong,2,R,6855df4f-2088-41ae-913f-aa74e56012a6,Chatwood,36.0,81.0,CU,11.0,R,50.0,Partly cloudy,20.0,46.0,2018-05-05T01:58:26.000Z,40.0,E,9.0,0.0,1.0
36,1.0,1.0,0.0,0,0,Cardinals,False,False,0,0,cf302aef-cb3a-4626-ba44-a9bc7bbb3f5b,DeJong,2,R,6855df4f-2088-41ae-913f-aa74e56012a6,Chatwood,37.0,80.0,CU,7.0,R,50.0,Partly cloudy,20.0,46.0,2018-05-05T01:58:26.000Z,40.0,E,9.0,0.0,1.0
37,1.0,1.0,0.0,0,0,Cardinals,False,False,0,0,cf302aef-cb3a-4626-ba44-a9bc7bbb3f5b,DeJong,2,R,6855df4f-2088-41ae-913f-aa74e56012a6,Chatwood,38.0,89.0,CT,13.0,R,50.0,Partly cloudy,20.0,46.0,2018-05-05T01:58:26.000Z,40.0,E,9.0,0.0,1.0
38,1.0,1.0,0.0,0,0,Cardinals,False,False,0,0,c399c961-1b45-430c-858e-f0a33ae0af85,Wainwright,2,R,6855df4f-2088-41ae-913f-aa74e56012a6,Chatwood,39.0,79.0,CU,7.0,R,50.0,Partly cloudy,20.0,46.0,2018-05-05T01:58:26.000Z,40.0,E,9.0,0.0,1.0
39,1.0,1.0,0.0,0,0,Cardinals,False,False,0,0,c399c961-1b45-430c-858e-f0a33ae0af85,Wainwright,2,R,6855df4f-2088-41ae-913f-aa74e56012a6,Chatwood,40.0,88.0,CT,13.0,R,50.0,Partly cloudy,20.0,46.0,2018-05-05T01:58:26.000Z,40.0,E,9.0,0.0,1.0
40,1.0,1.0,0.0,0,0,Cardinals,False,False,0,0,c399c961-1b45-430c-858e-f0a33ae0af85,Wainwright,2,R,6855df4f-2088-41ae-913f-aa74e56012a6,Chatwood,41.0,88.0,CT,12.0,R,50.0,Partly cloudy,20.0,46.0,2018-05-05T01:58:26.000Z,40.0,E,9.0,0.0,1.0
41,1.0,1.0,0.0,0,0,Cardinals,False,False,0,0,c399c961-1b45-430c-858e-f0a33ae0af85,Wainwright,2,R,6855df4f-2088-41ae-913f-aa74e56012a6,Chatwood,42.0,94.0,FA,2.0,R,50.0,Partly cloudy,20.0,46.0,2018-05-05T01:58:26.000Z,40.0,E,9.0,0.0,1.0
42,1.0,1.0,0.0,0,0,Cardinals,False,False,0,0,c399c961-1b45-430c-858e-f0a33ae0af85,Wainwright,2,R,6855df4f-2088-41ae-913f-aa74e56012a6,Chatwood,43.0,95.0,FA,7.0,R,50.0,Partly cloudy,20.0,46.0,2018-05-05T01:58:26.000Z,40.0,E,9.0,0.0,1.0
43,0.0,0.0,0.0,0,0,Cardinals,False,False,0,0,a91b5de2-7809-4c9c-b67a-409835c5f17e,Fowler,3,L,6855df4f-2088-41ae-913f-aa74e56012a6,Chatwood,44.0,91.0,FA,11.0,R,50.0,Partly cloudy,20.0,46.0,2018-05-05T01:58:26.000Z,40.0,E,9.0,0.0,1.0
44,0.0,0.0,0.0,0,0,Cardinals,False,False,0,0,a91b5de2-7809-4c9c-b67a-409835c5f17e,Fowler,3,L,6855df4f-2088-41ae-913f-aa74e56012a6,Chatwood,45.0,87.0,CT,7.0,R,50.0,Partly cloudy,20.0,46.0,2018-05-05T01:58:26.000Z,40.0,E,9.0,0.0,1.0
45,0.0,0.0,0.0,0,0,Cardinals,False,False,0,0,a91b5de2-7809-4c9c-b67a-409835c5f17e,Fowler,3,L,6855df4f-2088-41ae-913f-aa74e56012a6,Chatwood,46.0,92.0,FA,12.0,R,50.0,Partly cloudy,20.0,46.0,2018-05-05T01:58:26.000Z,40.0,E,9.0,0.0,1.0
46,0.0,0.0,0.0,0,0,Cardinals,False,False,0,0,a91b5de2-7809-4c9c-b67a-409835c5f17e,Fowler,3,L,6855df4f-2088-41ae-913f-aa74e56012a6,Chatwood,47.0,92.0,FA,11.0,R,50.0,Partly cloudy,20.0,46.0,2018-05-05T01:58:26.000Z,40.0,E,9.0,0.0,1.0
47,0.0,0.0,0.0,0,0,Cardinals,False,False,0,0,a91b5de2-7809-4c9c-b67a-409835c5f17e,Fowler,3,L,6855df4f-2088-41ae-913f-aa74e56012a6,Chatwood,48.0,92.0,FA,13.0,R,50.0,Partly cloudy,20.0,46.0,2018-05-05T01:58:26.000Z,40.0,E,9.0,0.0,1.0
48,1.0,0.0,0.0,0,0,Cardinals,False,False,0,0,a8ff76c9-1554-421c-baed-2a22fb00ad71,Pham,3,R,6855df4f-2088-41ae-913f-aa74e56012a6,Chatwood,49.0,92.0,FA,13.0,R,50.0,Partly cloudy,20.0,46.0,2018-05-05T01:58:26.000Z,40.0,E,9.0,0.0,1.0
49,1.0,0.0,0.0,0,0,Cardinals,False,False,0,0,a8ff76c9-1554-421c-baed-2a22fb00ad71,Pham,3,R,6855df4f-2088-41ae-913f-aa74e56012a6,Chatwood,50.0,93.0,FA,4.0,R,50.0,Partly cloudy,20.0,46.0,2018-05-05T01:58:26.000Z,40.0,E,9.0,0.0,1.0
50,1.0,0.0,0.0,0,0,Cardinals,False,False,0,0,a8ff76c9-1554-421c-baed-2a22fb00ad71,Pham,3,R,6855df4f-2088-41ae-913f-aa74e56012a6,Chatwood,51.0,93.0,FA,13.0,R,50.0,Partly cloudy,20.0,46.0,2018-05-05T01:58:26.000Z,40.0,E,9.0,0.0,1.0
51,1.0,0.0,0.0,0,0,Cardinals,0,0,0,0,a8ff76c9-1554-421c-baed-2a22fb00ad71,Pham,3,0,6855df4f-2088-41ae-913f-aa74e56012a6,Chatwood,0.0,0.0,0,0.0,0,50.0,Partly cloudy,20.0,46.0,2018-05-05T01:58:26.000Z,40.0,E,9.0,0.0,1.0
52,1.0,0.0,0.0,0,0,Cardinals,False,False,0,0,a8ff76c9-1554-421c-baed-2a22fb00ad71,Pham,3,R,6855df4f-2088-41ae-913f-aa74e56012a6,Chatwood,52.0,78.0,CU,10.0,R,50.0,Partly cloudy,20.0,46.0,2018-05-05T01:58:26.000Z,40.0,E,9.0,0.0,1.0
53,1.0,0.0,0.0,0,0,Cardinals,0,0,0,0,a8ff76c9-1554-421c-baed-2a22fb00ad71,Pham,3,0,6855df4f-2088-41ae-913f-aa74e56012a6,Chatwood,0.0,0.0,0,0.0,0,50.0,Partly cloudy,20.0,46.0,2018-05-05T01:58:26.000Z,40.0,E,9.0,0.0,1.0
54,1.0,0.0,0.0,0,0,Cardinals,False,False,0,0,a8ff76c9-1554-421c-baed-2a22fb00ad71,Pham,3,R,6855df4f-2088-41ae-913f-aa74e56012a6,Chatwood,53.0,77.0,CU,13.0,R,50.0,Partly cloudy,20.0,46.0,2018-05-05T01:58:26.000Z,40.0,E,9.0,0.0,1.0
55,1.0,0.0,0.0,0,0,Cardinals,False,False,0,0,a8ff76c9-1554-421c-baed-2a22fb00ad71,Pham,3,R,6855df4f-2088-41ae-913f-aa74e56012a6,Chatwood,54.0,93.0,FA,4.0,R,50.0,Partly cloudy,20.0,46.0,2018-05-05T01:58:26.000Z,40.0,E,9.0,0.0,1.0
56,1.0,1.0,0.0,0,0,Cardinals,False,False,0,0,a8cd51db-4a15-454a-836d-79fe158f7b71,Carpenter,3,L,6855df4f-2088-41ae-913f-aa74e56012a6,Chatwood,56.0,93.0,FA,12.0,R,50.0,Partly cloudy,20.0,46.0,2018-05-05T01:58:26.000Z,40.0,E,9.0,0.0,1.0
57,1.0,1.0,0.0,0,0,Cardinals,False,False,0,0,a8cd51db-4a15-454a-836d-79fe158f7b71,Carpenter,3,L,6855df4f-2088-41ae-913f-aa74e56012a6,Chatwood,57.0,90.0,FA,5.0,R,50.0,Partly cloudy,20.0,46.0,2018-05-05T01:58:26.000Z,40.0,E,9.0,0.0,1.0
58,1.0,1.0,0.0,1,1,Cardinals,True,False,10,FB,a8cd51db-4a15-454a-836d-79fe158f7b71,Carpenter,3,L,6855df4f-2088-41ae-913f-aa74e56012a6,Chatwood,58.0,89.0,CT,7.0,R,50.0,Partly cloudy,20.0,46.0,2018-05-05T01:58:26.000Z,40.0,E,9.0,0.0,1.0
59,0.0,1.0,1.0,2,2,Cardinals,False,False,22,GB,57f0a40f-e0f5-4e76-bd59-b8c4de7a680c,Ozuna,3,R,6855df4f-2088-41ae-913f-aa74e56012a6,Chatwood,59.0,79.0,CU,7.0,R,50.0,Partly cloudy,20.0,46.0,2018-05-05T01:58:26.000Z,40.0,E,9.0,0.0,1.0
60,0.0,1.0,0.0,2,2,Cardinals,False,False,0,0,3f662257-e3e5-41f9-826d-06357392ce5b,Martinez,3,R,6855df4f-2088-41ae-913f-aa74e56012a6,Chatwood,60.0,80.0,CU,13.0,R,50.0,Partly cloudy,20.0,46.0,2018-05-05T01:58:26.000Z,40.0,E,9.0,0.0,1.0
61,0.0,1.0,0.0,2,2,Cardinals,False,False,0,0,3f662257-e3e5-41f9-826d-06357392ce5b,Martinez,3,R,6855df4f-2088-41ae-913f-aa74e56012a6,Chatwood,61.0,87.0,CT,13.0,R,50.0,Partly cloudy,20.0,46.0,2018-05-05T01:58:26.000Z,40.0,E,9.0,0.0,1.0
62,0.0,1.0,0.0,2,2,Cardinals,False,False,0,0,3f662257-e3e5-41f9-826d-06357392ce5b,Martinez,3,R,6855df4f-2088-41ae-913f-aa74e56012a6,Chatwood,62.0,88.0,CT,7.0,R,50.0,Partly cloudy,20.0,46.0,2018-05-05T01:58:26.000Z,40.0,E,9.0,0.0,1.0
63,0.0,1.0,0.0,2,2,Cardinals,False,False,0,0,3f662257-e3e5-41f9-826d-06357392ce5b,Martinez,3,R,6855df4f-2088-41ae-913f-aa74e56012a6,Chatwood,63.0,90.0,CT,7.0,R,50.0,Partly cloudy,20.0,46.0,2018-05-05T01:58:26.000Z,40.0,E,9.0,0.0,1.0
64,0.0,1.0,0.0,2,2,Cardinals,False,False,22,GB,3f662257-e3e5-41f9-826d-06357392ce5b,Martinez,3,R,6855df4f-2088-41ae-913f-aa74e56012a6,Chatwood,64.0,90.0,CT,13.0,R,50.0,Partly cloudy,20.0,46.0,2018-05-05T01:58:26.000Z,40.0,E,9.0,0.0,1.0
65,0.0,0.0,1.0,2,2,Cardinals,False,False,0,0,6e790e8d-85cb-4c75-8f1f-8c12f410f3ab,Molina,3,R,6855df4f-2088-41ae-913f-aa74e56012a6,Chatwood,65.0,79.0,CU,11.0,R,50.0,Partly cloudy,20.0,46.0,2018-05-05T01:58:26.000Z,40.0,E,9.0,0.0,1.0
66,0.0,0.0,1.0,2,2,Cardinals,False,False,21,GB,6e790e8d-85cb-4c75-8f1f-8c12f410f3ab,Molina,3,R,6855df4f-2088-41ae-913f-aa74e56012a6,Chatwood,66.0,89.0,CT,13.0,R,50.0,Partly cloudy,20.0,46.0,2018-05-05T01:58:26.000Z,40.0,E,9.0,0.0,1.0
67,0.0,0.0,0.0,2,2,Cardinals,False,False,0,0,d0a6b792-d552-46d6-8397-75b866f15112,García,4,L,6855df4f-2088-41ae-913f-aa74e56012a6,Chatwood,67.0,91.0,FA,8.0,R,50.0,Partly cloudy,20.0,46.0,2018-05-05T01:58:26.000Z,40.0,E,9.0,0.0,1.0
68,0.0,0.0,0.0,2,2,Cardinals,False,False,0,0,d0a6b792-d552-46d6-8397-75b866f15112,García,4,L,6855df4f-2088-41ae-913f-aa74e56012a6,Chatwood,68.0,92.0,FA,13.0,R,50.0,Partly cloudy,20.0,46.0,2018-05-05T01:58:26.000Z,40.0,E,9.0,0.0,1.0
69,0.0,0.0,0.0,2,2,Cardinals,False,False,0,0,d0a6b792-d552-46d6-8397-75b866f15112,García,4,L,6855df4f-2088-41ae-913f-aa74e56012a6,Chatwood,69.0,92.0,FA,10.0,R,50.0,Partly cloudy,20.0,46.0,2018-05-05T01:58:26.000Z,40.0,E,9.0,0.0,1.0
70,0.0,0.0,0.0,2,2,Cardinals,False,False,23,GB,d0a6b792-d552-46d6-8397-75b866f15112,García,4,L,6855df4f-2088-41ae-913f-aa74e56012a6,Chatwood,70.0,89.0,CT,8.0,R,50.0,Partly cloudy,20.0,46.0,2018-05-05T01:58:26.000Z,40.0,E,9.0,0.0,1.0
71,0.0,0.0,0.0,2,2,Cardinals,False,False,0,0,cf302aef-cb3a-4626-ba44-a9bc7bbb3f5b,DeJong,4,R,6855df4f-2088-41ae-913f-aa74e56012a6,Chatwood,71.0,94.0,FA,12.0,R,50.0,Partly cloudy,20.0,46.0,2018-05-05T01:58:26.000Z,40.0,E,9.0,0.0,1.0
72,0.0,0.0,0.0,2,2,Cardinals,False,False,0,0,cf302aef-cb3a-4626-ba44-a9bc7bbb3f5b,DeJong,4,R,6855df4f-2088-41ae-913f-aa74e56012a6,Chatwood,72.0,95.0,FA,10.0,R,50.0,Partly cloudy,20.0,46.0,2018-05-05T01:58:26.000Z,40.0,E,9.0,0.0,1.0
73,0.0,0.0,0.0,2,2,Cardinals,False,False,0,0,cf302aef-cb3a-4626-ba44-a9bc7bbb3f5b,DeJong,4,R,6855df4f-2088-41ae-913f-aa74e56012a6,Chatwood,73.0,93.0,FA,10.0,R,50.0,Partly cloudy,20.0,46.0,2018-05-05T01:58:26.000Z,40.0,E,9.0,0.0,1.0
74,0.0,0.0,0.0,2,2,Cardinals,False,False,0,0,cf302aef-cb3a-4626-ba44-a9bc7bbb3f5b,DeJong,4,R,6855df4f-2088-41ae-913f-aa74e56012a6,Chatwood,74.0,93.0,FA,4.0,R,50.0,Partly cloudy,20.0,46.0,2018-05-05T01:58:26.000Z,40.0,E,9.0,0.0,1.0
75,0.0,0.0,0.0,2,2,Cardinals,False,False,0,0,cf302aef-cb3a-4626-ba44-a9bc7bbb3f5b,DeJong,4,R,6855df4f-2088-41ae-913f-aa74e56012a6,Chatwood,75.0,94.0,FA,13.0,R,50.0,Partly cloudy,20.0,46.0,2018-05-05T01:58:26.000Z,40.0,E,9.0,0.0,1.0
76,0.0,0.0,0.0,2,2,Cardinals,False,False,0,0,c399c961-1b45-430c-858e-f0a33ae0af85,Wainwright,4,R,6855df4f-2088-41ae-913f-aa74e56012a6,Chatwood,76.0,92.0,FA,2.0,R,50.0,Partly cloudy,20.0,46.0,2018-05-05T01:58:26.000Z,40.0,E,9.0,0.0,1.0
77,0.0,0.0,0.0,2,2,Cardinals,False,False,0,0,c399c961-1b45-430c-858e-f0a33ae0af85,Wainwright,4,R,6855df4f-2088-41ae-913f-aa74e56012a6,Chatwood,77.0,93.0,FA,12.0,R,50.0,Partly cloudy,20.0,46.0,2018-05-05T01:58:26.000Z,40.0,E,9.0,0.0,1.0
78,0.0,0.0,0.0,2,2,Cardinals,False,False,19,PU,c399c961-1b45-430c-858e-f0a33ae0af85,Wainwright,4,R,6855df4f-2088-41ae-913f-aa74e56012a6,Chatwood,78.0,93.0,FA,3.0,R,50.0,Partly cloudy,20.0,46.0,2018-05-05T01:58:26.000Z,40.0,E,9.0,0.0,1.0
79,0.0,0.0,0.0,1,2,Cardinals,False,False,0,0,a91b5de2-7809-4c9c-b67a-409835c5f17e,Fowler,5,L,6855df4f-2088-41ae-913f-aa74e56012a6,Chatwood,79.0,91.0,FA,11.0,R,50.0,Partly cloudy,20.0,46.0,2018-05-05T01:58:26.000Z,40.0,E,9.0,0.0,1.0
80,0.0,0.0,0.0,1,2,Cardinals,False,False,7,LD,a91b5de2-7809-4c9c-b67a-409835c5f17e,Fowler,5,L,6855df4f-2088-41ae-913f-aa74e56012a6,Chatwood,80.0,88.0,CT,7.0,R,50.0,Partly cloudy,20.0,46.0,2018-05-05T01:58:26.000Z,40.0,E,9.0,0.0,1.0
81,0.0,0.0,0.0,1,2,Cardinals,False,False,0,0,a8ff76c9-1554-421c-baed-2a22fb00ad71,Pham,5,R,6855df4f-2088-41ae-913f-aa74e56012a6,Chatwood,81.0,76.0,CU,10.0,R,50.0,Partly cloudy,20.0,46.0,2018-05-05T01:58:26.000Z,40.0,E,9.0,0.0,1.0
82,0.0,0.0,0.0,1,2,Cardinals,False,False,0,0,a8ff76c9-1554-421c-baed-2a22fb00ad71,Pham,5,R,6855df4f-2088-41ae-913f-aa74e56012a6,Chatwood,82.0,89.0,CT,12.0,R,50.0,Partly cloudy,20.0,46.0,2018-05-05T01:58:26.000Z,40.0,E,9.0,0.0,1.0
83,0.0,0.0,0.0,1,2,Cardinals,False,False,0,0,a8ff76c9-1554-421c-baed-2a22fb00ad71,Pham,5,R,6855df4f-2088-41ae-913f-aa74e56012a6,Chatwood,83.0,93.0,FA,12.0,R,50.0,Partly cloudy,20.0,46.0,2018-05-05T01:58:26.000Z,40.0,E,9.0,0.0,1.0
84,0.0,0.0,0.0,1,2,Cardinals,False,False,0,0,a8ff76c9-1554-421c-baed-2a22fb00ad71,Pham,5,R,6855df4f-2088-41ae-913f-aa74e56012a6,Chatwood,84.0,93.0,FA,6.0,R,50.0,Partly cloudy,20.0,46.0,2018-05-05T01:58:26.000Z,40.0,E,9.0,0.0,1.0
85,0.0,0.0,0.0,1,2,Cardinals,False,False,0,0,a8ff76c9-1554-421c-baed-2a22fb00ad71,Pham,5,R,6855df4f-2088-41ae-913f-aa74e56012a6,Chatwood,85.0,93.0,FA,13.0,R,50.0,Partly cloudy,20.0,46.0,2018-05-05T01:58:26.000Z,40.0,E,9.0,0.0,1.0
86,1.0,0.0,0.0,1,2,Cardinals,0,0,0,0,a8cd51db-4a15-454a-836d-79fe158f7b71,Carpenter,5,0,6855df4f-2088-41ae-913f-aa74e56012a6,Chatwood,0.0,0.0,0,0.0,0,50.0,Partly cloudy,20.0,46.0,2018-05-05T01:58:26.000Z,40.0,E,9.0,0.0,1.0
87,1.0,0.0,0.0,1,2,Cardinals,False,False,0,0,a8cd51db-4a15-454a-836d-79fe158f7b71,Carpenter,5,L,6855df4f-2088-41ae-913f-aa74e56012a6,Chatwood,86.0,93.0,FA,11.0,R,50.0,Partly cloudy,20.0,46.0,2018-05-05T01:58:26.000Z,40.0,E,9.0,0.0,1.0
88,1.0,0.0,0.0,1,2,Cardinals,False,False,0,0,a8cd51db-4a15-454a-836d-79fe158f7b71,Carpenter,5,L,6855df4f-2088-41ae-913f-aa74e56012a6,Chatwood,87.0,93.0,FA,12.0,R,50.0,Partly cloudy,20.0,46.0,2018-05-05T01:58:26.000Z,40.0,E,9.0,0.0,1.0
89,1.0,0.0,0.0,1,2,Cardinals,False,False,0,0,a8cd51db-4a15-454a-836d-79fe158f7b71,Carpenter,5,L,6855df4f-2088-41ae-913f-aa74e56012a6,Chatwood,88.0,94.0,FA,12.0,R,50.0,Partly cloudy,20.0,46.0,2018-05-05T01:58:26.000Z,40.0,E,9.0,0.0,1.0
90,1.0,0.0,0.0,1,2,Cardinals,False,False,0,0,a8cd51db-4a15-454a-836d-79fe158f7b71,Carpenter,5,L,6855df4f-2088-41ae-913f-aa74e56012a6,Chatwood,89.0,94.0,FA,11.0,R,50.0,Partly cloudy,20.0,46.0,2018-05-05T01:58:26.000Z,40.0,E,9.0,0.0,1.0
91,1.0,0.0,0.0,1,2,Cardinals,False,False,0,0,a8cd51db-4a15-454a-836d-79fe158f7b71,Carpenter,5,L,6855df4f-2088-41ae-913f-aa74e56012a6,Chatwood,90.0,94.0,FA,7.0,R,50.0,Partly cloudy,20.0,46.0,2018-05-05T01:58:26.000Z,40.0,E,9.0,0.0,1.0
92,1.0,0.0,0.0,1,2,Cardinals,False,False,0,0,a8cd51db-4a15-454a-836d-79fe158f7b71,Carpenter,5,L,6855df4f-2088-41ae-913f-aa74e56012a6,Chatwood,91.0,95.0,FA,6.0,R,50.0,Partly cloudy,20.0,46.0,2018-05-05T01:58:26.000Z,40.0,E,9.0,0.0,1.0
93,1.0,0.0,0.0,1,2,Cardinals,False,False,0,0,57f0a40f-e0f5-4e76-bd59-b8c4de7a680c,Ozuna,5,R,6855df4f-2088-41ae-913f-aa74e56012a6,Chatwood,92.0,95.0,FA,8.0,R,50.0,Partly cloudy,20.0,46.0,2018-05-05T01:58:26.000Z,40.0,E,9.0,0.0,1.0
94,1.0,0.0,0.0,1,2,Cardinals,False,False,0,0,57f0a40f-e0f5-4e76-bd59-b8c4de7a680c,Ozuna,5,R,6855df4f-2088-41ae-913f-aa74e56012a6,Chatwood,93.0,94.0,FA,11.0,R,50.0,Partly cloudy,20.0,46.0,2018-05-05T01:58:26.000Z,40.0,E,9.0,0.0,1.0
95,1.0,0.0,0.0,1,2,Cardinals,0,0,0,0,57f0a40f-e0f5-4e76-bd59-b8c4de7a680c,Ozuna,5,0,6855df4f-2088-41ae-913f-aa74e56012a6,Chatwood,0.0,0.0,0,0.0,0,50.0,Partly cloudy,20.0,46.0,2018-05-05T01:58:26.000Z,40.0,E,9.0,0.0,1.0
96,1.0,0.0,0.0,1,2,Cardinals,False,False,0,0,57f0a40f-e0f5-4e76-bd59-b8c4de7a680c,Ozuna,5,R,6855df4f-2088-41ae-913f-aa74e56012a6,Chatwood,95.0,93.0,FA,10.0,R,50.0,Partly cloudy,20.0,46.0,2018-05-05T01:58:26.000Z,40.0,E,9.0,0.0,1.0
97,1.0,0.0,0.0,1,2,Cardinals,False,False,0,0,57f0a40f-e0f5-4e76-bd59-b8c4de7a680c,Ozuna,5,R,6855df4f-2088-41ae-913f-aa74e56012a6,Chatwood,96.0,76.0,CU,13.0,R,50.0,Partly cloudy,20.0,46.0,2018-05-05T01:58:26.000Z,40.0,E,9.0,0.0,1.0
98,1.0,0.0,0.0,1,2,Cardinals,False,False,0,0,57f0a40f-e0f5-4e76-bd59-b8c4de7a680c,Ozuna,5,R,6855df4f-2088-41ae-913f-aa74e56012a6,Chatwood,97.0,92.0,FA,13.0,R,50.0,Partly cloudy,20.0,46.0,2018-05-05T01:58:26.000Z,40.0,E,9.0,0.0,1.0
99,1.0,1.0,0.0,1,2,Cardinals,False,False,0,0,3f662257-e3e5-41f9-826d-06357392ce5b,Martinez,5,R,f1053d88-4fd5-4cea-a5f0-546ce9bd8840,Cishek,1.0,76.0,SL,13.0,R,50.0,Partly cloudy,20.0,46.0,2018-05-05T01:58:26.000Z,40.0,E,9.0,0.0,1.0
100,1.0,1.0,0.0,1,2,Cardinals,False,False,0,0,3f662257-e3e5-41f9-826d-06357392ce5b,Martinez,5,R,f1053d88-4fd5-4cea-a5f0-546ce9bd8840,Cishek,2.0,76.0,SL,13.0,R,50.0,Partly cloudy,20.0,46.0,2018-05-05T01:58:26.000Z,40.0,E,9.0,0.0,1.0
101,1.0,1.0,0.0,1,2,Cardinals,False,False,0,0,3f662257-e3e5-41f9-826d-06357392ce5b,Martinez,5,R,f1053d88-4fd5-4cea-a5f0-546ce9bd8840,Cishek,3.0,76.0,SL,12.0,R,50.0,Partly cloudy,20.0,46.0,2018-05-05T01:58:26.000Z,40.0,E,9.0,0.0,1.0
102,1.0,1.0,0.0,1,2,Cardinals,False,False,0,0,3f662257-e3e5-41f9-826d-06357392ce5b,Martinez,5,R,f1053d88-4fd5-4cea-a5f0-546ce9bd8840,Cishek,4.0,76.0,SL,12.0,R,50.0,Partly cloudy,20.0,46.0,2018-05-05T01:58:26.000Z,40.0,E,9.0,0.0,1.0
103,0.0,0.0,0.0,1,2,Cardinals,False,False,0,0,6e790e8d-85cb-4c75-8f1f-8c12f410f3ab,Molina,6,R,f1053d88-4fd5-4cea-a5f0-546ce9bd8840,Cishek,6.0,90.0,SI,8.0,R,50.0,Partly cloudy,20.0,46.0,2018-05-05T01:58:26.000Z,40.0,E,9.0,0.0,1.0
104,0.0,0.0,0.0,1,2,Cardinals,False,False,0,0,6e790e8d-85cb-4c75-8f1f-8c12f410f3ab,Molina,6,R,f1053d88-4fd5-4cea-a5f0-546ce9bd8840,Cishek,7.0,91.0,SI,6.0,R,50.0,Partly cloudy,20.0,46.0,2018-05-05T01:58:26.000Z,40.0,E,9.0,0.0,1.0
105,0.0,0.0,0.0,1,2,Cardinals,False,False,0,0,6e790e8d-85cb-4c75-8f1f-8c12f410f3ab,Molina,6,R,f1053d88-4fd5-4cea-a5f0-546ce9bd8840,Cishek,8.0,76.0,SL,6.0,R,50.0,Partly cloudy,20.0,46.0,2018-05-05T01:58:26.000Z,40.0,E,9.0,0.0,1.0
106,0.0,0.0,0.0,1,2,Cardinals,True,False,11,GB,6e790e8d-85cb-4c75-8f1f-8c12f410f3ab,Molina,6,R,f1053d88-4fd5-4cea-a5f0-546ce9bd8840,Cishek,9.0,91.0,SI,1.0,R,50.0,Partly cloudy,20.0,46.0,2018-05-05T01:58:26.000Z,40.0,E,9.0,0.0,1.0
107,1.0,0.0,0.0,1,2,Cardinals,False,False,0,0,d0a6b792-d552-46d6-8397-75b866f15112,García,6,L,f1053d88-4fd5-4cea-a5f0-546ce9bd8840,Cishek,10.0,91.0,SI,5.0,R,50.0,Partly cloudy,20.0,46.0,2018-05-05T01:58:26.000Z,40.0,E,9.0,0.0,1.0
108,1.0,0.0,0.0,1,2,Cardinals,False,False,0,0,d0a6b792-d552-46d6-8397-75b866f15112,García,6,L,f1053d88-4fd5-4cea-a5f0-546ce9bd8840,Cishek,11.0,91.0,SI,7.0,R,50.0,Partly cloudy,20.0,46.0,2018-05-05T01:58:26.000Z,40.0,E,9.0,0.0,1.0
109,1.0,0.0,0.0,1,2,Cardinals,True,False,15,GB,d0a6b792-d552-46d6-8397-75b866f15112,García,6,L,f1053d88-4fd5-4cea-a5f0-546ce9bd8840,Cishek,12.0,76.0,SL,6.0,R,50.0,Partly cloudy,20.0,46.0,2018-05-05T01:58:26.000Z,40.0,E,9.0,0.0,1.0
110,1.0,1.0,0.0,1,2,Cardinals,False,False,0,0,cf302aef-cb3a-4626-ba44-a9bc7bbb3f5b,DeJong,6,R,f1053d88-4fd5-4cea-a5f0-546ce9bd8840,Cishek,13.0,77.0,SL,13.0,R,50.0,Partly cloudy,20.0,46.0,2018-05-05T01:58:26.000Z,40.0,E,9.0,0.0,1.0
111,1.0,1.0,0.0,1,2,Cardinals,False,False,0,0,cf302aef-cb3a-4626-ba44-a9bc7bbb3f5b,DeJong,6,R,f1053d88-4fd5-4cea-a5f0-546ce9bd8840,Cishek,14.0,90.0,SI,7.0,R,50.0,Partly cloudy,20.0,46.0,2018-05-05T01:58:26.000Z,40.0,E,9.0,0.0,1.0
112,1.0,1.0,0.0,1,2,Cardinals,False,False,0,0,cf302aef-cb3a-4626-ba44-a9bc7bbb3f5b,DeJong,6,R,f1053d88-4fd5-4cea-a5f0-546ce9bd8840,Cishek,15.0,90.0,SI,10.0,R,50.0,Partly cloudy,20.0,46.0,2018-05-05T01:58:26.000Z,40.0,E,9.0,0.0,1.0
113,1.0,1.0,0.0,1,2,Cardinals,False,False,0,0,cf302aef-cb3a-4626-ba44-a9bc7bbb3f5b,DeJong,6,R,f1053d88-4fd5-4cea-a5f0-546ce9bd8840,Cishek,16.0,90.0,SI,13.0,R,50.0,Partly cloudy,20.0,46.0,2018-05-05T01:58:26.000Z,40.0,E,9.0,0.0,1.0
114,1.0,1.0,0.0,1,2,Cardinals,False,False,0,0,343e48ee-be0e-4f0d-a801-dc8cbbce75b4,Wong,6,L,f1053d88-4fd5-4cea-a5f0-546ce9bd8840,Cishek,17.0,77.0,SL,11.0,R,50.0,Partly cloudy,20.0,46.0,2018-05-05T01:58:26.000Z,40.0,E,9.0,0.0,1.0
115,1.0,1.0,0.0,1,2,Cardinals,False,False,0,0,343e48ee-be0e-4f0d-a801-dc8cbbce75b4,Wong,6,L,f1053d88-4fd5-4cea-a5f0-546ce9bd8840,Cishek,18.0,77.0,SL,13.0,R,50.0,Partly cloudy,20.0,46.0,2018-05-05T01:58:26.000Z,40.0,E,9.0,0.0,1.0
116,1.0,1.0,0.0,1,2,Cardinals,False,False,0,0,343e48ee-be0e-4f0d-a801-dc8cbbce75b4,Wong,6,L,f1053d88-4fd5-4cea-a5f0-546ce9bd8840,Cishek,19.0,90.0,SI,11.0,R,50.0,Partly cloudy,20.0,46.0,2018-05-05T01:58:26.000Z,40.0,E,9.0,0.0,1.0
117,1.0,1.0,0.0,1,2,Cardinals,False,False,0,0,343e48ee-be0e-4f0d-a801-dc8cbbce75b4,Wong,6,L,f1053d88-4fd5-4cea-a5f0-546ce9bd8840,Cishek,20.0,89.0,SI,12.0,R,50.0,Partly cloudy,20.0,46.0,2018-05-05T01:58:26.000Z,40.0,E,9.0,0.0,1.0
118,1.0,1.0,1.0,1,2,Cardinals,False,False,0,0,a91b5de2-7809-4c9c-b67a-409835c5f17e,Fowler,6,L,f1053d88-4fd5-4cea-a5f0-546ce9bd8840,Cishek,21.0,92.0,SI,12.0,R,50.0,Partly cloudy,20.0,46.0,2018-05-05T01:58:26.000Z,40.0,E,9.0,0.0,1.0
119,1.0,1.0,1.0,1,2,Cardinals,False,False,0,0,a91b5de2-7809-4c9c-b67a-409835c5f17e,Fowler,6,L,f1053d88-4fd5-4cea-a5f0-546ce9bd8840,Cishek,22.0,78.0,SL,12.0,R,50.0,Partly cloudy,20.0,46.0,2018-05-05T01:58:26.000Z,40.0,E,9.0,0.0,1.0
120,1.0,1.0,1.0,1,2,Cardinals,False,False,0,0,a91b5de2-7809-4c9c-b67a-409835c5f17e,Fowler,6,L,f1053d88-4fd5-4cea-a5f0-546ce9bd8840,Cishek,23.0,90.0,SI,11.0,R,50.0,Partly cloudy,20.0,46.0,2018-05-05T01:58:26.000Z,40.0,E,9.0,0.0,1.0
121,1.0,1.0,1.0,1,2,Cardinals,False,False,0,0,a8ff76c9-1554-421c-baed-2a22fb00ad71,Pham,6,R,f1053d88-4fd5-4cea-a5f0-546ce9bd8840,Cishek,24.0,78.0,SL,7.0,R,50.0,Partly cloudy,20.0,46.0,2018-05-05T01:58:26.000Z,40.0,E,9.0,0.0,1.0
122,1.0,1.0,1.0,1,2,Cardinals,False,False,23,GB,a8ff76c9-1554-421c-baed-2a22fb00ad71,Pham,6,R,f1053d88-4fd5-4cea-a5f0-546ce9bd8840,Cishek,25.0,90.0,SI,5.0,R,50.0,Partly cloudy,20.0,46.0,2018-05-05T01:58:26.000Z,40.0,E,9.0,0.0,1.0
123,0.0,0.0,0.0,1,2,Cardinals,False,False,0,0,a8cd51db-4a15-454a-836d-79fe158f7b71,Carpenter,7,L,10eb3767-83a4-46b9-a072-9a0bc88bc06a,Edwards,1.0,95.0,FA,4.0,R,50.0,Partly cloudy,20.0,46.0,2018-05-05T01:58:26.000Z,40.0,E,9.0,0.0,1.0
124,0.0,0.0,0.0,1,2,Cardinals,False,False,0,0,a8cd51db-4a15-454a-836d-79fe158f7b71,Carpenter,7,L,10eb3767-83a4-46b9-a072-9a0bc88bc06a,Edwards,2.0,80.0,CU,13.0,R,50.0,Partly cloudy,20.0,46.0,2018-05-05T01:58:26.000Z,40.0,E,9.0,0.0,1.0
125,0.0,0.0,0.0,1,2,Cardinals,False,False,0,0,a8cd51db-4a15-454a-836d-79fe158f7b71,Carpenter,7,L,10eb3767-83a4-46b9-a072-9a0bc88bc06a,Edwards,3.0,95.0,FA,9.0,R,50.0,Partly cloudy,20.0,46.0,2018-05-05T01:58:26.000Z,40.0,E,9.0,0.0,1.0
126,0.0,0.0,0.0,1,2,Cardinals,False,False,0,0,a8cd51db-4a15-454a-836d-79fe158f7b71,Carpenter,7,L,10eb3767-83a4-46b9-a072-9a0bc88bc06a,Edwards,4.0,94.0,FA,10.0,R,50.0,Partly cloudy,20.0,46.0,2018-05-05T01:58:26.000Z,40.0,E,9.0,0.0,1.0
127,0.0,0.0,0.0,1,2,Cardinals,False,False,0,0,a8cd51db-4a15-454a-836d-79fe158f7b71,Carpenter,7,L,10eb3767-83a4-46b9-a072-9a0bc88bc06a,Edwards,5.0,95.0,FA,12.0,R,50.0,Partly cloudy,20.0,46.0,2018-05-05T01:58:26.000Z,40.0,E,9.0,0.0,1.0
128,0.0,0.0,0.0,1,2,Cardinals,False,False,0,0,a8cd51db-4a15-454a-836d-79fe158f7b71,Carpenter,7,L,10eb3767-83a4-46b9-a072-9a0bc88bc06a,Edwards,6.0,95.0,FA,13.0,R,50.0,Partly cloudy,20.0,46.0,2018-05-05T01:58:26.000Z,40.0,E,9.0,0.0,1.0
129,0.0,0.0,0.0,1,2,Cardinals,False,False,0,0,57f0a40f-e0f5-4e76-bd59-b8c4de7a680c,Ozuna,7,R,10eb3767-83a4-46b9-a072-9a0bc88bc06a,Edwards,7.0,79.0,CU,10.0,R,50.0,Partly cloudy,20.0,46.0,2018-05-05T01:58:26.000Z,40.0,E,9.0,0.0,1.0
130,0.0,0.0,0.0,1,2,Cardinals,False,False,0,0,57f0a40f-e0f5-4e76-bd59-b8c4de7a680c,Ozuna,7,R,10eb3767-83a4-46b9-a072-9a0bc88bc06a,Edwards,8.0,79.0,CU,13.0,R,50.0,Partly cloudy,20.0,46.0,2018-05-05T01:58:26.000Z,40.0,E,9.0,0.0,1.0
131,0.0,0.0,0.0,1,2,Cardinals,False,False,0,0,57f0a40f-e0f5-4e76-bd59-b8c4de7a680c,Ozuna,7,R,10eb3767-83a4-46b9-a072-9a0bc88bc06a,Edwards,9.0,96.0,FA,13.0,R,50.0,Partly cloudy,20.0,46.0,2018-05-05T01:58:26.000Z,40.0,E,9.0,0.0,1.0
132,0.0,0.0,0.0,1,2,Cardinals,False,False,0,0,57f0a40f-e0f5-4e76-bd59-b8c4de7a680c,Ozuna,7,R,10eb3767-83a4-46b9-a072-9a0bc88bc06a,Edwards,10.0,94.0,FA,2.0,R,50.0,Partly cloudy,20.0,46.0,2018-05-05T01:58:26.000Z,40.0,E,9.0,0.0,1.0
133,0.0,0.0,0.0,1,2,Cardinals,False,False,0,0,57f0a40f-e0f5-4e76-bd59-b8c4de7a680c,Ozuna,7,R,10eb3767-83a4-46b9-a072-9a0bc88bc06a,Edwards,11.0,95.0,FA,13.0,R,50.0,Partly cloudy,20.0,46.0,2018-05-05T01:58:26.000Z,40.0,E,9.0,0.0,1.0
134,0.0,0.0,0.0,1,2,Cardinals,False,False,0,0,57f0a40f-e0f5-4e76-bd59-b8c4de7a680c,Ozuna,7,R,10eb3767-83a4-46b9-a072-9a0bc88bc06a,Edwards,12.0,95.0,FA,13.0,R,50.0,Partly cloudy,20.0,46.0,2018-05-05T01:58:26.000Z,40.0,E,9.0,0.0,1.0
135,0.0,0.0,0.0,1,2,Cardinals,False,False,0,0,3f662257-e3e5-41f9-826d-06357392ce5b,Martinez,7,R,10eb3767-83a4-46b9-a072-9a0bc88bc06a,Edwards,13.0,78.0,CU,6.0,R,50.0,Partly cloudy,20.0,46.0,2018-05-05T01:58:26.000Z,40.0,E,9.0,0.0,1.0
136,0.0,0.0,0.0,1,2,Cardinals,False,False,0,0,3f662257-e3e5-41f9-826d-06357392ce5b,Martinez,7,R,10eb3767-83a4-46b9-a072-9a0bc88bc06a,Edwards,14.0,80.0,CU,11.0,R,50.0,Partly cloudy,20.0,46.0,2018-05-05T01:58:26.000Z,40.0,E,9.0,0.0,1.0
137,0.0,0.0,0.0,1,2,Cardinals,False,False,0,0,3f662257-e3e5-41f9-826d-06357392ce5b,Martinez,7,R,10eb3767-83a4-46b9-a072-9a0bc88bc06a,Edwards,16.0,96.0,FA,13.0,R,50.0,Partly cloudy,20.0,46.0,2018-05-05T01:58:26.000Z,40.0,E,9.0,0.0,1.0
138,0.0,0.0,0.0,1,2,Cardinals,False,False,0,0,3f662257-e3e5-41f9-826d-06357392ce5b,Martinez,7,R,10eb3767-83a4-46b9-a072-9a0bc88bc06a,Edwards,17.0,79.0,CU,12.0,R,50.0,Partly cloudy,20.0,46.0,2018-05-05T01:58:26.000Z,40.0,E,9.0,0.0,1.0
139,0.0,0.0,0.0,1,2,Cardinals,False,False,0,0,3f662257-e3e5-41f9-826d-06357392ce5b,Martinez,7,R,10eb3767-83a4-46b9-a072-9a0bc88bc06a,Edwards,18.0,93.0,FA,13.0,R,50.0,Partly cloudy,20.0,46.0,2018-05-05T01:58:26.000Z,40.0,E,9.0,0.0,1.0
140,0.0,0.0,0.0,1,2,Cardinals,False,False,0,0,6e790e8d-85cb-4c75-8f1f-8c12f410f3ab,Molina,8,R,d0772dfd-1d25-4baa-8e21-9633433d4976,Strop,1.0,87.0,SP,7.0,R,50.0,Partly cloudy,20.0,46.0,2018-05-05T01:58:26.000Z,40.0,E,9.0,0.0,1.0
141,0.0,0.0,0.0,1,2,Cardinals,False,False,0,0,6e790e8d-85cb-4c75-8f1f-8c12f410f3ab,Molina,8,R,d0772dfd-1d25-4baa-8e21-9633433d4976,Strop,2.0,87.0,SP,13.0,R,50.0,Partly cloudy,20.0,46.0,2018-05-05T01:58:26.000Z,40.0,E,9.0,0.0,1.0
142,0.0,0.0,0.0,1,2,Cardinals,False,False,0,0,6e790e8d-85cb-4c75-8f1f-8c12f410f3ab,Molina,8,R,d0772dfd-1d25-4baa-8e21-9633433d4976,Strop,3.0,83.0,SL,12.0,R,50.0,Partly cloudy,20.0,46.0,2018-05-05T01:58:26.000Z,40.0,E,9.0,0.0,1.0
143,0.0,0.0,0.0,1,2,Cardinals,False,False,0,0,d0a6b792-d552-46d6-8397-75b866f15112,García,8,L,d0772dfd-1d25-4baa-8e21-9633433d4976,Strop,4.0,94.0,FA,2.0,R,50.0,Partly cloudy,20.0,46.0,2018-05-05T01:58:26.000Z,40.0,E,9.0,0.0,1.0
144,0.0,0.0,0.0,1,2,Cardinals,False,False,0,0,d0a6b792-d552-46d6-8397-75b866f15112,García,8,L,d0772dfd-1d25-4baa-8e21-9633433d4976,Strop,5.0,94.0,FA,10.0,R,50.0,Partly cloudy,20.0,46.0,2018-05-05T01:58:26.000Z,40.0,E,9.0,0.0,1.0
145,0.0,0.0,0.0,1,2,Cardinals,False,False,0,0,d0a6b792-d552-46d6-8397-75b866f15112,García,8,L,d0772dfd-1d25-4baa-8e21-9633433d4976,Strop,6.0,95.0,FA,13.0,R,50.0,Partly cloudy,20.0,46.0,2018-05-05T01:58:26.000Z,40.0,E,9.0,0.0,1.0
146,0.0,0.0,0.0,1,2,Cardinals,False,False,0,0,d0a6b792-d552-46d6-8397-75b866f15112,García,8,L,d0772dfd-1d25-4baa-8e21-9633433d4976,Strop,7.0,88.0,SP,12.0,R,50.0,Partly cloudy,20.0,46.0,2018-05-05T01:58:26.000Z,40.0,E,9.0,0.0,1.0
147,0.0,0.0,0.0,1,2,Cardinals,False,False,0,0,d0a6b792-d552-46d6-8397-75b866f15112,García,8,L,d0772dfd-1d25-4baa-8e21-9633433d4976,Strop,8.0,95.0,FA,13.0,R,50.0,Partly cloudy,20.0,46.0,2018-05-05T01:58:26.000Z,40.0,E,9.0,0.0,1.0
148,0.0,0.0,0.0,1,2,Cardinals,False,False,23,GB,d0a6b792-d552-46d6-8397-75b866f15112,García,8,L,d0772dfd-1d25-4baa-8e21-9633433d4976,Strop,9.0,82.0,SL,11.0,R,50.0,Partly cloudy,20.0,46.0,2018-05-05T01:58:26.000Z,40.0,E,9.0,0.0,1.0
149,0.0,0.0,0.0,1,2,Cardinals,False,False,0,0,cf302aef-cb3a-4626-ba44-a9bc7bbb3f5b,DeJong,8,R,d0772dfd-1d25-4baa-8e21-9633433d4976,Strop,10.0,87.0,SP,13.0,R,50.0,Partly cloudy,20.0,46.0,2018-05-05T01:58:26.000Z,40.0,E,9.0,0.0,1.0
150,0.0,0.0,0.0,1,2,Cardinals,False,False,0,0,cf302aef-cb3a-4626-ba44-a9bc7bbb3f5b,DeJong,8,R,d0772dfd-1d25-4baa-8e21-9633433d4976,Strop,11.0,88.0,SP,13.0,R,50.0,Partly cloudy,20.0,46.0,2018-05-05T01:58:26.000Z,40.0,E,9.0,0.0,1.0
151,0.0,0.0,0.0,1,2,Cardinals,False,False,0,0,cf302aef-cb3a-4626-ba44-a9bc7bbb3f5b,DeJong,8,R,d0772dfd-1d25-4baa-8e21-9633433d4976,Strop,12.0,84.0,SL,13.0,R,50.0,Partly cloudy,20.0,46.0,2018-05-05T01:58:26.000Z,40.0,E,9.0,0.0,1.0
152,0.0,0.0,0.0,2,3,Cardinals,True,False,1,FB,cf302aef-cb3a-4626-ba44-a9bc7bbb3f5b,DeJong,8,R,d0772dfd-1d25-4baa-8e21-9633433d4976,Strop,13.0,93.0,FA,2.0,R,50.0,Partly cloudy,20.0,46.0,2018-05-05T01:58:26.000Z,40.0,E,9.0,0.0,1.0
153,0.0,0.0,0.0,2,3,Cardinals,False,False,0,0,b6eb38af-2e03-46ba-b613-9185987940f2,Bader,8,R,d0772dfd-1d25-4baa-8e21-9633433d4976,Strop,14.0,83.0,SL,12.0,R,50.0,Partly cloudy,20.0,46.0,2018-05-05T01:58:26.000Z,40.0,E,9.0,0.0,1.0
154,0.0,0.0,0.0,2,3,Cardinals,False,False,0,0,b6eb38af-2e03-46ba-b613-9185987940f2,Bader,8,R,d0772dfd-1d25-4baa-8e21-9633433d4976,Strop,15.0,87.0,SP,8.0,R,50.0,Partly cloudy,20.0,46.0,2018-05-05T01:58:26.000Z,40.0,E,9.0,0.0,1.0
155,0.0,0.0,0.0,2,3,Cardinals,False,False,0,0,b6eb38af-2e03-46ba-b613-9185987940f2,Bader,8,R,d0772dfd-1d25-4baa-8e21-9633433d4976,Strop,16.0,86.0,SL,9.0,R,50.0,Partly cloudy,20.0,46.0,2018-05-05T01:58:26.000Z,40.0,E,9.0,0.0,1.0
156,0.0,0.0,0.0,2,3,Cardinals,False,False,0,0,b6eb38af-2e03-46ba-b613-9185987940f2,Bader,8,R,d0772dfd-1d25-4baa-8e21-9633433d4976,Strop,17.0,86.0,SL,13.0,R,50.0,Partly cloudy,20.0,46.0,2018-05-05T01:58:26.000Z,40.0,E,9.0,0.0,1.0
157,0.0,0.0,0.0,2,3,Cardinals,False,False,0,0,b6eb38af-2e03-46ba-b613-9185987940f2,Bader,8,R,d0772dfd-1d25-4baa-8e21-9633433d4976,Strop,18.0,84.0,SL,13.0,R,50.0,Partly cloudy,20.0,46.0,2018-05-05T01:58:26.000Z,40.0,E,9.0,0.0,1.0
158,0.0,0.0,0.0,2,3,Cardinals,False,False,0,0,b6eb38af-2e03-46ba-b613-9185987940f2,Bader,8,R,d0772dfd-1d25-4baa-8e21-9633433d4976,Strop,19.0,87.0,SP,7.0,R,50.0,Partly cloudy,20.0,46.0,2018-05-05T01:58:26.000Z,40.0,E,9.0,0.0,1.0
159,0.0,0.0,0.0,2,3,Cardinals,True,False,25,GB,b6eb38af-2e03-46ba-b613-9185987940f2,Bader,8,R,d0772dfd-1d25-4baa-8e21-9633433d4976,Strop,20.0,83.0,SL,9.0,R,50.0,Partly cloudy,20.0,46.0,2018-05-05T01:58:26.000Z,40.0,E,9.0,0.0,1.0
160,1.0,0.0,0.0,2,3,Cardinals,False,False,0,0,a91b5de2-7809-4c9c-b67a-409835c5f17e,Fowler,8,L,d0772dfd-1d25-4baa-8e21-9633433d4976,Strop,21.0,95.0,FA,13.0,R,50.0,Partly cloudy,20.0,46.0,2018-05-05T01:58:26.000Z,40.0,E,9.0,0.0,1.0
161,1.0,0.0,0.0,2,3,Cardinals,False,False,0,0,a91b5de2-7809-4c9c-b67a-409835c5f17e,Fowler,8,L,d0772dfd-1d25-4baa-8e21-9633433d4976,Strop,23.0,95.0,FA,13.0,R,50.0,Partly cloudy,20.0,46.0,2018-05-05T01:58:26.000Z,40.0,E,9.0,0.0,1.0
162,1.0,0.0,0.0,2,3,Cardinals,False,False,0,0,a91b5de2-7809-4c9c-b67a-409835c5f17e,Fowler,8,L,d0772dfd-1d25-4baa-8e21-9633433d4976,Strop,24.0,95.0,FA,13.0,R,50.0,Partly cloudy,20.0,46.0,2018-05-05T01:58:26.000Z,40.0,E,9.0,0.0,1.0
163,1.0,1.0,0.0,2,3,Cardinals,False,False,0,0,a8ff76c9-1554-421c-baed-2a22fb00ad71,Pham,8,R,d0772dfd-1d25-4baa-8e21-9633433d4976,Strop,25.0,95.0,FA,5.0,R,50.0,Partly cloudy,20.0,46.0,2018-05-05T01:58:26.000Z,40.0,E,9.0,0.0,1.0
164,1.0,1.0,0.0,2,3,Cardinals,False,False,0,0,a8ff76c9-1554-421c-baed-2a22fb00ad71,Pham,8,R,d0772dfd-1d25-4baa-8e21-9633433d4976,Strop,26.0,89.0,SP,5.0,R,50.0,Partly cloudy,20.0,46.0,2018-05-05T01:58:26.000Z,40.0,E,9.0,0.0,1.0
165,1.0,1.0,0.0,2,3,Cardinals,True,False,21,GB,a8ff76c9-1554-421c-baed-2a22fb00ad71,Pham,8,R,d0772dfd-1d25-4baa-8e21-9633433d4976,Strop,27.0,88.0,SP,8.0,R,50.0,Partly cloudy,20.0,46.0,2018-05-05T01:58:26.000Z,40.0,E,9.0,0.0,1.0
166,1.0,1.0,1.0,2,3,Cardinals,False,False,0,0,a8cd51db-4a15-454a-836d-79fe158f7b71,Carpenter,8,L,a5ef85f3-1589-415d-b9e9-98d3cff93733,Duensing,1.0,92.0,FA,9.0,L,50.0,Partly cloudy,20.0,46.0,2018-05-05T01:58:26.000Z,40.0,E,9.0,0.0,1.0
167,1.0,1.0,1.0,2,3,Cardinals,False,False,0,0,a8cd51db-4a15-454a-836d-79fe158f7b71,Carpenter,8,L,a5ef85f3-1589-415d-b9e9-98d3cff93733,Duensing,2.0,91.0,FA,11.0,L,50.0,Partly cloudy,20.0,46.0,2018-05-05T01:58:26.000Z,40.0,E,9.0,0.0,1.0
168,1.0,1.0,1.0,4,5,Cardinals,True,False,13,LD,a8cd51db-4a15-454a-836d-79fe158f7b71,Carpenter,8,L,a5ef85f3-1589-415d-b9e9-98d3cff93733,Duensing,3.0,92.0,FA,5.0,L,50.0,Partly cloudy,20.0,46.0,2018-05-05T01:58:26.000Z,40.0,E,9.0,0.0,1.0
169,1.0,0.0,1.0,4,5,Cardinals,False,False,0,0,57f0a40f-e0f5-4e76-bd59-b8c4de7a680c,Ozuna,8,R,a5ef85f3-1589-415d-b9e9-98d3cff93733,Duensing,4.0,86.0,CH,12.0,L,50.0,Partly cloudy,20.0,46.0,2018-05-05T01:58:26.000Z,40.0,E,9.0,0.0,1.0
170,1.0,0.0,1.0,4,5,Cardinals,False,False,0,0,57f0a40f-e0f5-4e76-bd59-b8c4de7a680c,Ozuna,8,R,a5ef85f3-1589-415d-b9e9-98d3cff93733,Duensing,5.0,84.0,CH,11.0,L,50.0,Partly cloudy,20.0,46.0,2018-05-05T01:58:26.000Z,40.0,E,9.0,0.0,1.0
171,1.0,0.0,1.0,4,5,Cardinals,False,False,22,GB,57f0a40f-e0f5-4e76-bd59-b8c4de7a680c,Ozuna,8,R,a5ef85f3-1589-415d-b9e9-98d3cff93733,Duensing,6.0,90.0,SI,12.0,L,50.0,Partly cloudy,20.0,46.0,2018-05-05T01:58:26.000Z,40.0,E,9.0,0.0,1.0
172,0.0,0.0,0.0,2,5,Cardinals,False,False,0,0,3f662257-e3e5-41f9-826d-06357392ce5b,Martinez,9,R,a1b81659-9f06-4fd0-9d5d-78773435723c,Morrow,1.0,91.0,CT,13.0,R,50.0,Partly cloudy,20.0,46.0,2018-05-05T01:58:26.000Z,40.0,E,9.0,0.0,1.0
173,0.0,0.0,0.0,2,5,Cardinals,False,False,0,0,3f662257-e3e5-41f9-826d-06357392ce5b,Martinez,9,R,a1b81659-9f06-4fd0-9d5d-78773435723c,Morrow,2.0,89.0,SL,12.0,R,50.0,Partly cloudy,20.0,46.0,2018-05-05T01:58:26.000Z,40.0,E,9.0,0.0,1.0
174,0.0,0.0,0.0,2,5,Cardinals,False,False,13,LD,3f662257-e3e5-41f9-826d-06357392ce5b,Martinez,9,R,a1b81659-9f06-4fd0-9d5d-78773435723c,Morrow,3.0,92.0,CT,4.0,R,50.0,Partly cloudy,20.0,46.0,2018-05-05T01:58:26.000Z,40.0,E,9.0,0.0,1.0
175,0.0,0.0,0.0,2,5,Cardinals,False,False,0,0,6e790e8d-85cb-4c75-8f1f-8c12f410f3ab,Molina,9,R,a1b81659-9f06-4fd0-9d5d-78773435723c,Morrow,4.0,97.0,SI,8.0,R,50.0,Partly cloudy,20.0,46.0,2018-05-05T01:58:26.000Z,40.0,E,9.0,0.0,1.0
176,0.0,0.0,0.0,2,5,Cardinals,False,False,0,0,6e790e8d-85cb-4c75-8f1f-8c12f410f3ab,Molina,9,R,a1b81659-9f06-4fd0-9d5d-78773435723c,Morrow,5.0,88.0,SL,13.0,R,50.0,Partly cloudy,20.0,46.0,2018-05-05T01:58:26.000Z,40.0,E,9.0,0.0,1.0
177,0.0,0.0,0.0,2,5,Cardinals,False,False,0,0,6e790e8d-85cb-4c75-8f1f-8c12f410f3ab,Molina,9,R,a1b81659-9f06-4fd0-9d5d-78773435723c,Morrow,6.0,94.0,CT,13.0,R,50.0,Partly cloudy,20.0,46.0,2018-05-05T01:58:26.000Z,40.0,E,9.0,0.0,1.0
178,0.0,0.0,0.0,2,5,Cardinals,False,False,0,0,6e790e8d-85cb-4c75-8f1f-8c12f410f3ab,Molina,9,R,a1b81659-9f06-4fd0-9d5d-78773435723c,Morrow,7.0,88.0,SL,12.0,R,50.0,Partly cloudy,20.0,46.0,2018-05-05T01:58:26.000Z,40.0,E,9.0,0.0,1.0
179,0.0,0.0,0.0,2,5,Cardinals,False,False,0,0,6e790e8d-85cb-4c75-8f1f-8c12f410f3ab,Molina,9,R,a1b81659-9f06-4fd0-9d5d-78773435723c,Morrow,8.0,92.0,CT,12.0,R,50.0,Partly cloudy,20.0,46.0,2018-05-05T01:58:26.000Z,40.0,E,9.0,0.0,1.0
180,0.0,0.0,0.0,2,5,Cardinals,False,False,22,GB,6e790e8d-85cb-4c75-8f1f-8c12f410f3ab,Molina,9,R,a1b81659-9f06-4fd0-9d5d-78773435723c,Morrow,9.0,98.0,SI,12.0,R,50.0,Partly cloudy,20.0,46.0,2018-05-05T01:58:26.000Z,40.0,E,9.0,0.0,1.0
181,0.0,0.0,0.0,2,5,Cardinals,False,False,0,0,d0a6b792-d552-46d6-8397-75b866f15112,García,9,L,a1b81659-9f06-4fd0-9d5d-78773435723c,Morrow,10.0,96.0,SI,4.0,R,50.0,Partly cloudy,20.0,46.0,2018-05-05T01:58:26.000Z,40.0,E,9.0,0.0,1.0
182,0.0,0.0,0.0,2,5,Cardinals,False,False,0,0,d0a6b792-d552-46d6-8397-75b866f15112,García,9,L,a1b81659-9f06-4fd0-9d5d-78773435723c,Morrow,11.0,98.0,SI,4.0,R,50.0,Partly cloudy,20.0,46.0,2018-05-05T01:58:26.000Z,40.0,E,9.0,0.0,1.0
183,0.0,0.0,0.0,2,5,Cardinals,False,False,0,0,d0a6b792-d552-46d6-8397-75b866f15112,García,9,L,a1b81659-9f06-4fd0-9d5d-78773435723c,Morrow,12.0,98.0,SI,13.0,R,50.0,Partly cloudy,20.0,46.0,2018-05-05T01:58:26.000Z,40.0,E,9.0,0.0,1.0
184,0.0,0.0,0.0,2,5,Cardinals,False,False,0,0,d0a6b792-d552-46d6-8397-75b866f15112,García,9,L,a1b81659-9f06-4fd0-9d5d-78773435723c,Morrow,13.0,88.0,SL,3.0,R,50.0,Partly cloudy,20.0,46.0,2018-05-05T01:58:26.000Z,40.0,E,9.0,0.0,1.0
185,0.0,0.0,0.0,2,5,Cardinals,False,False,0,0,d0a6b792-d552-46d6-8397-75b866f15112,García,9,L,a1b81659-9f06-4fd0-9d5d-78773435723c,Morrow,14.0,88.0,SL,13.0,R,50.0,Partly cloudy,20.0,46.0,2018-05-05T01:58:26.000Z,40.0,E,9.0,0.0,1.0
186,0.0,0.0,0.0,2,5,Cardinals,False,False,0,0,d0a6b792-d552-46d6-8397-75b866f15112,García,9,L,a1b81659-9f06-4fd0-9d5d-78773435723c,Morrow,15.0,98.0,SI,12.0,R,50.0,Partly cloudy,20.0,46.0,2018-05-05T01:58:26.000Z,40.0,E,9.0,0.0,1.0
187,0.0,0.0,0.0,2,5,Cardinals,False,False,0,0,d0a6b792-d552-46d6-8397-75b866f15112,García,9,L,a1b81659-9f06-4fd0-9d5d-78773435723c,Morrow,16.0,87.0,SL,4.0,R,50.0,Partly cloudy,20.0,46.0,2018-05-05T01:58:26.000Z,40.0,E,9.0,0.0,1.0
188,0.0,0.0,0.0,2,5,Cardinals,False,False,0,0,d0a6b792-d552-46d6-8397-75b866f15112,García,9,L,a1b81659-9f06-4fd0-9d5d-78773435723c,Morrow,17.0,97.0,SI,10.0,R,50.0,Partly cloudy,20.0,46.0,2018-05-05T01:58:26.000Z,40.0,E,9.0,0.0,1.0
189,0.0,0.0,0.0,2,5,Cardinals,False,False,0,0,d0a6b792-d552-46d6-8397-75b866f15112,García,9,L,a1b81659-9f06-4fd0-9d5d-78773435723c,Morrow,18.0,97.0,SI,11.0,R,50.0,Partly cloudy,20.0,46.0,2018-05-05T01:58:26.000Z,40.0,E,9.0,0.0,1.0
190,0.0,0.0,0.0,2,5,Cardinals,False,False,0,0,d0a6b792-d552-46d6-8397-75b866f15112,García,9,L,a1b81659-9f06-4fd0-9d5d-78773435723c,Morrow,19.0,91.0,CT,4.0,R,50.0,Partly cloudy,20.0,46.0,2018-05-05T01:58:26.000Z,40.0,E,9.0,0.0,1.0
191,0.0,0.0,0.0,2,5,Cardinals,False,False,0,0,d0a6b792-d552-46d6-8397-75b866f15112,García,9,L,a1b81659-9f06-4fd0-9d5d-78773435723c,Morrow,20.0,97.0,SI,11.0,R,50.0,Partly cloudy,20.0,46.0,2018-05-05T01:58:26.000Z,40.0,E,9.0,0.0,1.0
192,1.0,0.0,0.0,2,5,Cardinals,False,False,0,0,cf302aef-cb3a-4626-ba44-a9bc7bbb3f5b,DeJong,9,R,a1b81659-9f06-4fd0-9d5d-78773435723c,Morrow,21.0,97.0,SI,13.0,R,50.0,Partly cloudy,20.0,46.0,2018-05-05T01:58:26.000Z,40.0,E,9.0,0.0,1.0
193,1.0,0.0,0.0,2,5,Cardinals,False,False,0,0,cf302aef-cb3a-4626-ba44-a9bc7bbb3f5b,DeJong,9,R,a1b81659-9f06-4fd0-9d5d-78773435723c,Morrow,22.0,90.0,CT,1.0,R,50.0,Partly cloudy,20.0,46.0,2018-05-05T01:58:26.000Z,40.0,E,9.0,0.0,1.0
194,1.0,0.0,0.0,2,5,Cardinals,False,False,0,0,cf302aef-cb3a-4626-ba44-a9bc7bbb3f5b,DeJong,9,R,a1b81659-9f06-4fd0-9d5d-78773435723c,Morrow,23.0,97.0,SI,13.0,R,50.0,Partly cloudy,20.0,46.0,2018-05-05T01:58:26.000Z,40.0,E,9.0,0.0,1.0
195,0.0,0.0,0.0,0,0,Cardinals,False,False,0,0,a91b5de2-7809-4c9c-b67a-409835c5f17e,Fowler,1,R,46734ad0-e55b-4e2f-8a0d-72387470fcdf,Lester,1.0,91.0,FA,12.0,L,0.0,0,0.0,0.0,0,0.0,0,0.0,0.0,0.0
196,0.0,0.0,0.0,0,0,Cardinals,False,False,6,LD,a91b5de2-7809-4c9c-b67a-409835c5f17e,Fowler,1,R,46734ad0-e55b-4e2f-8a0d-72387470fcdf,Lester,2.0,92.0,FA,9.0,L,0.0,0,0.0,0.0,0,0.0,0,0.0,0.0,0.0
197,0.0,0.0,0.0,0,0,Cardinals,False,False,0,0,b6eb38af-2e03-46ba-b613-9185987940f2,Bader,1,R,46734ad0-e55b-4e2f-8a0d-72387470fcdf,Lester,3.0,0.0,FA,13.0,L,0.0,0,0.0,0.0,0,0.0,0,0.0,0.0,0.0
198,0.0,0.0,0.0,0,0,Cardinals,False,False,0,0,b6eb38af-2e03-46ba-b613-9185987940f2,Bader,1,R,46734ad0-e55b-4e2f-8a0d-72387470fcdf,Lester,4.0,0.0,0,13.0,L,0.0,0,0.0,0.0,0,0.0,0,0.0,0.0,0.0
199,0.0,0.0,0.0,0,0,Cardinals,False,False,0,0,b6eb38af-2e03-46ba-b613-9185987940f2,Bader,1,R,46734ad0-e55b-4e2f-8a0d-72387470fcdf,Lester,5.0,0.0,FA,7.0,L,0.0,0,0.0,0.0,0,0.0,0,0.0,0.0,0.0
200,0.0,0.0,0.0,0,0,Cardinals,False,False,0,0,b6eb38af-2e03-46ba-b613-9185987940f2,Bader,1,R,46734ad0-e55b-4e2f-8a0d-72387470fcdf,Lester,6.0,90.0,CT,11.0,L,0.0,0,0.0,0.0,0,0.0,0,0.0,0.0,0.0
201,1.0,0.0,0.0,0,0,Cardinals,False,False,0,0,a8cd51db-4a15-454a-836d-79fe158f7b71,Carpenter,1,L,46734ad0-e55b-4e2f-8a0d-72387470fcdf,Lester,7.0,91.0,FA,9.0,L,0.0,0,0.0,0.0,0,0.0,0,0.0,0.0,0.0
202,1.0,0.0,0.0,0,0,Cardinals,False,False,0,0,a8cd51db-4a15-454a-836d-79fe158f7b71,Carpenter,1,L,46734ad0-e55b-4e2f-8a0d-72387470fcdf,Lester,8.0,88.0,CT,11.0,L,0.0,0,0.0,0.0,0,0.0,0,0.0,0.0,0.0
203,0.0,0.0,1.0,0,0,Cardinals,False,False,0,0,a8cd51db-4a15-454a-836d-79fe158f7b71,Carpenter,1,L,46734ad0-e55b-4e2f-8a0d-72387470fcdf,Lester,9.0,91.0,SI,12.0,L,0.0,0,0.0,0.0,0,0.0,0,0.0,0.0,0.0
204,0.0,0.0,1.0,0,0,Cardinals,False,False,0,0,a8cd51db-4a15-454a-836d-79fe158f7b71,Carpenter,1,L,46734ad0-e55b-4e2f-8a0d-72387470fcdf,Lester,10.0,77.0,CU,11.0,L,0.0,0,0.0,0.0,0,0.0,0,0.0,0.0,0.0
205,0.0,0.0,1.0,0,0,Cardinals,False,False,0,0,a8cd51db-4a15-454a-836d-79fe158f7b71,Carpenter,1,L,46734ad0-e55b-4e2f-8a0d-72387470fcdf,Lester,11.0,89.0,CT,6.0,L,0.0,0,0.0,0.0,0,0.0,0,0.0,0.0,0.0
206,0.0,0.0,1.0,0,0,Cardinals,False,False,0,0,a8cd51db-4a15-454a-836d-79fe158f7b71,Carpenter,1,L,46734ad0-e55b-4e2f-8a0d-72387470fcdf,Lester,12.0,0.0,CT,11.0,L,0.0,0,0.0,0.0,0,0.0,0,0.0,0.0,0.0
207,0.0,0.0,1.0,0,0,Cardinals,False,False,23,LD,a8cd51db-4a15-454a-836d-79fe158f7b71,Carpenter,1,L,46734ad0-e55b-4e2f-8a0d-72387470fcdf,Lester,13.0,0.0,FA,4.0,L,0.0,0,0.0,0.0,0,0.0,0,0.0,0.0,0.0
208,0.0,0.0,1.0,0,0,Cardinals,False,False,0,0,57f0a40f-e0f5-4e76-bd59-b8c4de7a680c,Ozuna,1,R,46734ad0-e55b-4e2f-8a0d-72387470fcdf,Lester,14.0,77.0,CU,12.0,L,0.0,0,0.0,0.0,0,0.0,0,0.0,0.0,0.0
209,0.0,0.0,1.0,1,1,Cardinals,False,False,0,0,57f0a40f-e0f5-4e76-bd59-b8c4de7a680c,Ozuna,1,R,46734ad0-e55b-4e2f-8a0d-72387470fcdf,Lester,15.0,86.0,CH,11.0,L,0.0,0,0.0,0.0,0,0.0,0,0.0,0.0,0.0
210,0.0,0.0,0.0,1,1,Cardinals,False,False,0,0,57f0a40f-e0f5-4e76-bd59-b8c4de7a680c,Ozuna,1,R,46734ad0-e55b-4e2f-8a0d-72387470fcdf,Lester,16.0,86.0,CH,12.0,L,0.0,0,0.0,0.0,0,0.0,0,0.0,0.0,0.0
211,0.0,0.0,0.0,1,1,Cardinals,False,False,0,0,57f0a40f-e0f5-4e76-bd59-b8c4de7a680c,Ozuna,1,R,46734ad0-e55b-4e2f-8a0d-72387470fcdf,Lester,17.0,91.0,FA,7.0,L,0.0,0,0.0,0.0,0,0.0,0,0.0,0.0,0.0
212,0.0,0.0,0.0,-1,1,Cardinals,False,False,0,0,3f662257-e3e5-41f9-826d-06357392ce5b,Martinez,2,R,46734ad0-e55b-4e2f-8a0d-72387470fcdf,Lester,18.0,90.0,SI,3.0,L,0.0,0,0.0,0.0,0,0.0,0,0.0,0.0,0.0
213,0.0,0.0,0.0,-1,1,Cardinals,False,False,0,0,3f662257-e3e5-41f9-826d-06357392ce5b,Martinez,2,R,46734ad0-e55b-4e2f-8a0d-72387470fcdf,Lester,19.0,86.0,CT,7.0,L,0.0,0,0.0,0.0,0,0.0,0,0.0,0.0,0.0
214,0.0,0.0,0.0,-1,1,Cardinals,False,False,0,0,3f662257-e3e5-41f9-826d-06357392ce5b,Martinez,2,R,46734ad0-e55b-4e2f-8a0d-72387470fcdf,Lester,20.0,76.0,CU,12.0,L,0.0,0,0.0,0.0,0,0.0,0,0.0,0.0,0.0
215,0.0,0.0,0.0,-1,1,Cardinals,False,False,0,0,3f662257-e3e5-41f9-826d-06357392ce5b,Martinez,2,R,46734ad0-e55b-4e2f-8a0d-72387470fcdf,Lester,21.0,88.0,CT,7.0,L,0.0,0,0.0,0.0,0,0.0,0,0.0,0.0,0.0
216,0.0,0.0,0.0,-1,1,Cardinals,False,False,7,FB,6e790e8d-85cb-4c75-8f1f-8c12f410f3ab,Molina,2,R,46734ad0-e55b-4e2f-8a0d-72387470fcdf,Lester,22.0,90.0,SI,7.0,L,0.0,0,0.0,0.0,0,0.0,0,0.0,0.0,0.0
217,0.0,0.0,0.0,-1,1,Cardinals,False,False,0,0,b9f472ef-aa1a-4d22-a5cb-b3141b807fd0,Gyorko,2,R,46734ad0-e55b-4e2f-8a0d-72387470fcdf,Lester,23.0,90.0,FA,13.0,L,0.0,0,0.0,0.0,0,0.0,0,0.0,0.0,0.0
218,0.0,0.0,0.0,-1,1,Cardinals,False,False,0,0,b9f472ef-aa1a-4d22-a5cb-b3141b807fd0,Gyorko,2,R,46734ad0-e55b-4e2f-8a0d-72387470fcdf,Lester,24.0,89.0,FA,13.0,L,0.0,0,0.0,0.0,0,0.0,0,0.0,0.0,0.0
219,0.0,0.0,0.0,-1,1,Cardinals,False,False,0,0,b9f472ef-aa1a-4d22-a5cb-b3141b807fd0,Gyorko,2,R,46734ad0-e55b-4e2f-8a0d-72387470fcdf,Lester,25.0,89.0,FA,13.0,L,0.0,0,0.0,0.0,0,0.0,0,0.0,0.0,0.0
220,0.0,0.0,0.0,-1,1,Cardinals,False,False,0,0,b9f472ef-aa1a-4d22-a5cb-b3141b807fd0,Gyorko,2,R,46734ad0-e55b-4e2f-8a0d-72387470fcdf,Lester,26.0,89.0,FA,13.0,L,0.0,0,0.0,0.0,0,0.0,0,0.0,0.0,0.0
221,1.0,0.0,0.0,-1,1,Cardinals,False,False,0,0,cf302aef-cb3a-4626-ba44-a9bc7bbb3f5b,DeJong,2,R,46734ad0-e55b-4e2f-8a0d-72387470fcdf,Lester,27.0,88.0,CT,6.0,L,0.0,0,0.0,0.0,0,0.0,0,0.0,0.0,0.0
222,1.0,0.0,0.0,-1,1,Cardinals,False,False,15,FB,cf302aef-cb3a-4626-ba44-a9bc7bbb3f5b,DeJong,2,R,46734ad0-e55b-4e2f-8a0d-72387470fcdf,Lester,28.0,74.0,CU,13.0,L,0.0,0,0.0,0.0,0,0.0,0,0.0,0.0,0.0
223,0.0,0.0,0.0,-5,1,Cardinals,False,False,0,0,60b7e25e-7765-4d8b-82a6-d33e7179dae5,Weaver,3,R,46734ad0-e55b-4e2f-8a0d-72387470fcdf,Lester,29.0,88.0,FA,9.0,L,0.0,0,0.0,0.0,0,0.0,0,0.0,0.0,0.0
224,0.0,0.0,0.0,-5,1,Cardinals,False,False,11,FB,60b7e25e-7765-4d8b-82a6-d33e7179dae5,Weaver,3,R,46734ad0-e55b-4e2f-8a0d-72387470fcdf,Lester,30.0,90.0,FA,11.0,L,0.0,0,0.0,0.0,0,0.0,0,0.0,0.0,0.0
225,0.0,0.0,0.0,-5,1,Cardinals,False,False,0,0,a91b5de2-7809-4c9c-b67a-409835c5f17e,Fowler,3,R,46734ad0-e55b-4e2f-8a0d-72387470fcdf,Lester,31.0,90.0,SI,4.0,L,0.0,0,0.0,0.0,0,0.0,0,0.0,0.0,0.0
226,0.0,0.0,0.0,-5,1,Cardinals,False,False,0,0,a91b5de2-7809-4c9c-b67a-409835c5f17e,Fowler,3,R,46734ad0-e55b-4e2f-8a0d-72387470fcdf,Lester,32.0,88.0,CT,11.0,L,0.0,0,0.0,0.0,0,0.0,0,0.0,0.0,0.0
227,0.0,0.0,0.0,-5,1,Cardinals,False,False,0,0,a91b5de2-7809-4c9c-b67a-409835c5f17e,Fowler,3,R,46734ad0-e55b-4e2f-8a0d-72387470fcdf,Lester,33.0,91.0,FA,13.0,L,0.0,0,0.0,0.0,0,0.0,0,0.0,0.0,0.0
228,0.0,0.0,0.0,-5,1,Cardinals,False,False,0,0,a91b5de2-7809-4c9c-b67a-409835c5f17e,Fowler,3,R,46734ad0-e55b-4e2f-8a0d-72387470fcdf,Lester,34.0,90.0,FA,13.0,L,0.0,0,0.0,0.0,0,0.0,0,0.0,0.0,0.0
229,0.0,0.0,0.0,-5,1,Cardinals,False,False,0,0,a91b5de2-7809-4c9c-b67a-409835c5f17e,Fowler,3,R,46734ad0-e55b-4e2f-8a0d-72387470fcdf,Lester,35.0,88.0,CT,11.0,L,0.0,0,0.0,0.0,0,0.0,0,0.0,0.0,0.0
230,0.0,0.0,0.0,-5,1,Cardinals,False,False,0,0,b6eb38af-2e03-46ba-b613-9185987940f2,Bader,3,R,46734ad0-e55b-4e2f-8a0d-72387470fcdf,Lester,36.0,73.0,CU,11.0,L,0.0,0,0.0,0.0,0,0.0,0,0.0,0.0,0.0
231,0.0,0.0,0.0,-5,1,Cardinals,False,False,0,0,b6eb38af-2e03-46ba-b613-9185987940f2,Bader,3,R,46734ad0-e55b-4e2f-8a0d-72387470fcdf,Lester,37.0,91.0,FA,4.0,L,0.0,0,0.0,0.0,0,0.0,0,0.0,0.0,0.0
232,0.0,0.0,0.0,-5,1,Cardinals,False,False,0,0,b6eb38af-2e03-46ba-b613-9185987940f2,Bader,3,R,46734ad0-e55b-4e2f-8a0d-72387470fcdf,Lester,38.0,90.0,FA,13.0,L,0.0,0,0.0,0.0,0,0.0,0,0.0,0.0,0.0
233,0.0,0.0,0.0,-5,1,Cardinals,False,False,0,0,b6eb38af-2e03-46ba-b613-9185987940f2,Bader,3,R,46734ad0-e55b-4e2f-8a0d-72387470fcdf,Lester,39.0,76.0,CU,6.0,L,0.0,0,0.0,0.0,0,0.0,0,0.0,0.0,0.0
234,0.0,0.0,0.0,-5,1,Cardinals,False,False,0,0,b6eb38af-2e03-46ba-b613-9185987940f2,Bader,3,R,46734ad0-e55b-4e2f-8a0d-72387470fcdf,Lester,40.0,88.0,FA,13.0,L,0.0,0,0.0,0.0,0,0.0,0,0.0,0.0,0.0
235,0.0,0.0,0.0,-5,1,Cardinals,False,False,0,0,b6eb38af-2e03-46ba-b613-9185987940f2,Bader,3,R,46734ad0-e55b-4e2f-8a0d-72387470fcdf,Lester,41.0,75.0,CU,13.0,L,0.0,0,0.0,0.0,0,0.0,0,0.0,0.0,0.0
236,0.0,0.0,0.0,-5,1,Cardinals,False,False,0,0,b6eb38af-2e03-46ba-b613-9185987940f2,Bader,3,R,46734ad0-e55b-4e2f-8a0d-72387470fcdf,Lester,42.0,90.0,FA,13.0,L,0.0,0,0.0,0.0,0,0.0,0,0.0,0.0,0.0
237,0.0,0.0,0.0,-5,1,Cardinals,False,False,0,0,b6eb38af-2e03-46ba-b613-9185987940f2,Bader,3,R,46734ad0-e55b-4e2f-8a0d-72387470fcdf,Lester,43.0,87.0,CT,9.0,L,0.0,0,0.0,0.0,0,0.0,0,0.0,0.0,0.0
238,0.0,0.0,0.0,-5,1,Cardinals,False,False,34,PU,b6eb38af-2e03-46ba-b613-9185987940f2,Bader,3,R,46734ad0-e55b-4e2f-8a0d-72387470fcdf,Lester,44.0,88.0,CT,1.0,L,0.0,0,0.0,0.0,0,0.0,0,0.0,0.0,0.0
239,0.0,0.0,0.0,-5,1,Cardinals,False,False,11,LD,b6eb38af-2e03-46ba-b613-9185987940f2,Bader,3,R,46734ad0-e55b-4e2f-8a0d-72387470fcdf,Lester,45.0,89.0,FA,9.0,L,0.0,0,0.0,0.0,0,0.0,0,0.0,0.0,0.0
240,0.0,0.0,0.0,-5,1,Cardinals,False,False,0,0,a8cd51db-4a15-454a-836d-79fe158f7b71,Carpenter,4,L,46734ad0-e55b-4e2f-8a0d-72387470fcdf,Lester,46.0,86.0,CT,13.0,L,0.0,0,0.0,0.0,0,0.0,0,0.0,0.0,0.0
241,0.0,0.0,0.0,-5,1,Cardinals,False,False,0,0,a8cd51db-4a15-454a-836d-79fe158f7b71,Carpenter,4,L,46734ad0-e55b-4e2f-8a0d-72387470fcdf,Lester,47.0,87.0,CT,8.0,L,0.0,0,0.0,0.0,0,0.0,0,0.0,0.0,0.0
242,0.0,0.0,0.0,-5,1,Cardinals,False,False,0,0,a8cd51db-4a15-454a-836d-79fe158f7b71,Carpenter,4,L,46734ad0-e55b-4e2f-8a0d-72387470fcdf,Lester,48.0,87.0,CT,11.0,L,0.0,0,0.0,0.0,0,0.0,0,0.0,0.0,0.0
243,0.0,0.0,0.0,-5,1,Cardinals,False,False,0,0,a8cd51db-4a15-454a-836d-79fe158f7b71,Carpenter,4,L,46734ad0-e55b-4e2f-8a0d-72387470fcdf,Lester,49.0,91.0,FA,1.0,L,0.0,0,0.0,0.0,0,0.0,0,0.0,0.0,0.0
244,0.0,0.0,0.0,-5,1,Cardinals,False,False,0,0,a8cd51db-4a15-454a-836d-79fe158f7b71,Carpenter,4,L,46734ad0-e55b-4e2f-8a0d-72387470fcdf,Lester,50.0,88.0,CT,11.0,L,0.0,0,0.0,0.0,0,0.0,0,0.0,0.0,0.0
245,0.0,0.0,0.0,-5,1,Cardinals,False,False,0,0,a8cd51db-4a15-454a-836d-79fe158f7b71,Carpenter,4,L,46734ad0-e55b-4e2f-8a0d-72387470fcdf,Lester,51.0,90.0,FA,11.0,L,0.0,0,0.0,0.0,0,0.0,0,0.0,0.0,0.0
246,0.0,0.0,0.0,-5,1,Cardinals,False,False,0,0,a8cd51db-4a15-454a-836d-79fe158f7b71,Carpenter,4,L,46734ad0-e55b-4e2f-8a0d-72387470fcdf,Lester,52.0,90.0,FA,4.0,L,0.0,0,0.0,0.0,0,0.0,0,0.0,0.0,0.0
247,0.0,0.0,0.0,-5,1,Cardinals,False,False,9,FB,a8cd51db-4a15-454a-836d-79fe158f7b71,Carpenter,4,L,46734ad0-e55b-4e2f-8a0d-72387470fcdf,Lester,53.0,91.0,FA,7.0,L,0.0,0,0.0,0.0,0,0.0,0,0.0,0.0,0.0
248,0.0,0.0,0.0,-5,1,Cardinals,False,False,0,0,57f0a40f-e0f5-4e76-bd59-b8c4de7a680c,Ozuna,4,R,46734ad0-e55b-4e2f-8a0d-72387470fcdf,Lester,54.0,91.0,FA,13.0,L,0.0,0,0.0,0.0,0,0.0,0,0.0,0.0,0.0
249,0.0,0.0,0.0,-5,1,Cardinals,False,False,0,0,57f0a40f-e0f5-4e76-bd59-b8c4de7a680c,Ozuna,4,R,46734ad0-e55b-4e2f-8a0d-72387470fcdf,Lester,55.0,84.0,CH,13.0,L,0.0,0,0.0,0.0,0,0.0,0,0.0,0.0,0.0
250,0.0,0.0,0.0,-5,1,Cardinals,False,False,0,0,57f0a40f-e0f5-4e76-bd59-b8c4de7a680c,Ozuna,4,R,46734ad0-e55b-4e2f-8a0d-72387470fcdf,Lester,56.0,88.0,FA,6.0,L,0.0,0,0.0,0.0,0,0.0,0,0.0,0.0,0.0
251,0.0,0.0,0.0,-5,1,Cardinals,False,False,0,0,57f0a40f-e0f5-4e76-bd59-b8c4de7a680c,Ozuna,4,R,46734ad0-e55b-4e2f-8a0d-72387470fcdf,Lester,57.0,88.0,CT,11.0,L,0.0,0,0.0,0.0,0,0.0,0,0.0,0.0,0.0
252,0.0,0.0,0.0,-5,1,Cardinals,False,False,0,0,57f0a40f-e0f5-4e76-bd59-b8c4de7a680c,Ozuna,4,R,46734ad0-e55b-4e2f-8a0d-72387470fcdf,Lester,58.0,77.0,CU,12.0,L,0.0,0,0.0,0.0,0,0.0,0,0.0,0.0,0.0
253,0.0,0.0,0.0,-5,1,Cardinals,False,False,0,0,3f662257-e3e5-41f9-826d-06357392ce5b,Martinez,4,R,46734ad0-e55b-4e2f-8a0d-72387470fcdf,Lester,59.0,73.0,CU,13.0,L,0.0,0,0.0,0.0,0,0.0,0,0.0,0.0,0.0
254,0.0,0.0,0.0,-5,1,Cardinals,False,False,0,0,3f662257-e3e5-41f9-826d-06357392ce5b,Martinez,4,R,46734ad0-e55b-4e2f-8a0d-72387470fcdf,Lester,60.0,89.0,CT,6.0,L,0.0,0,0.0,0.0,0,0.0,0,0.0,0.0,0.0
255,0.0,0.0,0.0,-5,1,Cardinals,False,False,0,0,3f662257-e3e5-41f9-826d-06357392ce5b,Martinez,4,R,46734ad0-e55b-4e2f-8a0d-72387470fcdf,Lester,61.0,89.0,CT,11.0,L,0.0,0,0.0,0.0,0,0.0,0,0.0,0.0,0.0
256,0.0,0.0,0.0,-5,1,Cardinals,False,False,0,0,3f662257-e3e5-41f9-826d-06357392ce5b,Martinez,4,R,46734ad0-e55b-4e2f-8a0d-72387470fcdf,Lester,62.0,88.0,CT,11.0,L,0.0,0,0.0,0.0,0,0.0,0,0.0,0.0,0.0
257,0.0,0.0,0.0,-5,1,Cardinals,False,False,0,0,3f662257-e3e5-41f9-826d-06357392ce5b,Martinez,4,R,46734ad0-e55b-4e2f-8a0d-72387470fcdf,Lester,63.0,87.0,CT,6.0,L,0.0,0,0.0,0.0,0,0.0,0,0.0,0.0,0.0
258,0.0,0.0,0.0,-5,1,Cardinals,False,False,0,0,3f662257-e3e5-41f9-826d-06357392ce5b,Martinez,4,R,46734ad0-e55b-4e2f-8a0d-72387470fcdf,Lester,64.0,90.0,FA,1.0,L,0.0,0,0.0,0.0,0,0.0,0,0.0,0.0,0.0
259,0.0,0.0,0.0,-5,1,Cardinals,False,False,0,0,3f662257-e3e5-41f9-826d-06357392ce5b,Martinez,4,R,46734ad0-e55b-4e2f-8a0d-72387470fcdf,Lester,65.0,91.0,FA,7.0,L,0.0,0,0.0,0.0,0,0.0,0,0.0,0.0,0.0
260,0.0,0.0,0.0,-5,1,Cardinals,False,False,0,0,3f662257-e3e5-41f9-826d-06357392ce5b,Martinez,4,R,46734ad0-e55b-4e2f-8a0d-72387470fcdf,Lester,66.0,88.0,CT,11.0,L,0.0,0,0.0,0.0,0,0.0,0,0.0,0.0,0.0
261,0.0,0.0,0.0,-5,1,Cardinals,False,False,21,LD,3f662257-e3e5-41f9-826d-06357392ce5b,Martinez,4,R,46734ad0-e55b-4e2f-8a0d-72387470fcdf,Lester,67.0,84.0,CH,9.0,L,0.0,0,0.0,0.0,0,0.0,0,0.0,0.0,0.0
262,0.0,0.0,0.0,-5,1,Cardinals,False,False,0,0,6e790e8d-85cb-4c75-8f1f-8c12f410f3ab,Molina,5,R,46734ad0-e55b-4e2f-8a0d-72387470fcdf,Lester,68.0,90.0,FA,5.0,L,0.0,0,0.0,0.0,0,0.0,0,0.0,0.0,0.0
263,0.0,0.0,0.0,-5,1,Cardinals,False,False,0,0,6e790e8d-85cb-4c75-8f1f-8c12f410f3ab,Molina,5,R,46734ad0-e55b-4e2f-8a0d-72387470fcdf,Lester,69.0,91.0,FA,12.0,L,0.0,0,0.0,0.0,0,0.0,0,0.0,0.0,0.0
264,0.0,0.0,0.0,-5,1,Cardinals,False,False,0,0,6e790e8d-85cb-4c75-8f1f-8c12f410f3ab,Molina,5,R,46734ad0-e55b-4e2f-8a0d-72387470fcdf,Lester,70.0,90.0,FA,7.0,L,0.0,0,0.0,0.0,0,0.0,0,0.0,0.0,0.0
265,0.0,0.0,0.0,-5,1,Cardinals,False,False,0,0,6e790e8d-85cb-4c75-8f1f-8c12f410f3ab,Molina,5,R,46734ad0-e55b-4e2f-8a0d-72387470fcdf,Lester,71.0,91.0,FA,4.0,L,0.0,0,0.0,0.0,0,0.0,0,0.0,0.0,0.0
266,0.0,0.0,0.0,-5,1,Cardinals,False,False,0,0,b9f472ef-aa1a-4d22-a5cb-b3141b807fd0,Gyorko,5,R,46734ad0-e55b-4e2f-8a0d-72387470fcdf,Lester,72.0,91.0,FA,4.0,L,0.0,0,0.0,0.0,0,0.0,0,0.0,0.0,0.0
267,0.0,0.0,0.0,-5,1,Cardinals,True,False,11,LD,b9f472ef-aa1a-4d22-a5cb-b3141b807fd0,Gyorko,5,R,46734ad0-e55b-4e2f-8a0d-72387470fcdf,Lester,73.0,89.0,CT,9.0,L,0.0,0,0.0,0.0,0,0.0,0,0.0,0.0,0.0
268,1.0,0.0,0.0,-5,1,Cardinals,False,False,0,0,cf302aef-cb3a-4626-ba44-a9bc7bbb3f5b,DeJong,5,R,46734ad0-e55b-4e2f-8a0d-72387470fcdf,Lester,74.0,91.0,SI,13.0,L,0.0,0,0.0,0.0,0,0.0,0,0.0,0.0,0.0
269,1.0,0.0,0.0,-5,1,Cardinals,False,False,15,FB,cf302aef-cb3a-4626-ba44-a9bc7bbb3f5b,DeJong,5,R,46734ad0-e55b-4e2f-8a0d-72387470fcdf,Lester,75.0,84.0,CH,13.0,L,0.0,0,0.0,0.0,0,0.0,0,0.0,0.0,0.0
270,1.0,0.0,0.0,-5,1,Cardinals,False,False,0,0,65fc46ca-350d-4eaf-bc40-8851c3378bc6,O'Neill,5,R,46734ad0-e55b-4e2f-8a0d-72387470fcdf,Lester,76.0,73.0,CU,7.0,L,0.0,0,0.0,0.0,0,0.0,0,0.0,0.0,0.0
271,1.0,0.0,0.0,-5,1,Cardinals,False,False,0,0,65fc46ca-350d-4eaf-bc40-8851c3378bc6,O'Neill,5,R,46734ad0-e55b-4e2f-8a0d-72387470fcdf,Lester,77.0,85.0,CT,7.0,L,0.0,0,0.0,0.0,0,0.0,0,0.0,0.0,0.0
272,1.0,0.0,0.0,-5,1,Cardinals,False,False,0,0,65fc46ca-350d-4eaf-bc40-8851c3378bc6,O'Neill,5,R,46734ad0-e55b-4e2f-8a0d-72387470fcdf,Lester,78.0,76.0,CU,12.0,L,0.0,0,0.0,0.0,0,0.0,0,0.0,0.0,0.0
273,1.0,0.0,0.0,-5,1,Cardinals,False,False,0,0,65fc46ca-350d-4eaf-bc40-8851c3378bc6,O'Neill,5,R,46734ad0-e55b-4e2f-8a0d-72387470fcdf,Lester,79.0,75.0,CU,12.0,L,0.0,0,0.0,0.0,0,0.0,0,0.0,0.0,0.0
274,0.0,0.0,0.0,-7,1,Cardinals,False,False,0,0,a91b5de2-7809-4c9c-b67a-409835c5f17e,Fowler,6,R,46734ad0-e55b-4e2f-8a0d-72387470fcdf,Lester,80.0,90.0,FA,12.0,L,0.0,0,0.0,0.0,0,0.0,0,0.0,0.0,0.0
275,0.0,0.0,0.0,-7,1,Cardinals,False,False,0,0,a91b5de2-7809-4c9c-b67a-409835c5f17e,Fowler,6,R,46734ad0-e55b-4e2f-8a0d-72387470fcdf,Lester,81.0,90.0,FA,4.0,L,0.0,0,0.0,0.0,0,0.0,0,0.0,0.0,0.0
276,0.0,0.0,0.0,-7,1,Cardinals,False,False,0,0,a91b5de2-7809-4c9c-b67a-409835c5f17e,Fowler,6,R,46734ad0-e55b-4e2f-8a0d-72387470fcdf,Lester,82.0,84.0,CH,12.0,L,0.0,0,0.0,0.0,0,0.0,0,0.0,0.0,0.0
277,0.0,0.0,0.0,-7,1,Cardinals,False,False,0,0,a91b5de2-7809-4c9c-b67a-409835c5f17e,Fowler,6,R,46734ad0-e55b-4e2f-8a0d-72387470fcdf,Lester,83.0,87.0,CT,11.0,L,0.0,0,0.0,0.0,0,0.0,0,0.0,0.0,0.0
278,0.0,0.0,0.0,-7,1,Cardinals,False,False,0,0,a91b5de2-7809-4c9c-b67a-409835c5f17e,Fowler,6,R,46734ad0-e55b-4e2f-8a0d-72387470fcdf,Lester,84.0,86.0,CT,1.0,L,0.0,0,0.0,0.0,0,0.0,0,0.0,0.0,0.0
279,0.0,0.0,0.0,-7,1,Cardinals,False,False,0,0,a91b5de2-7809-4c9c-b67a-409835c5f17e,Fowler,6,R,46734ad0-e55b-4e2f-8a0d-72387470fcdf,Lester,85.0,91.0,FA,13.0,L,0.0,0,0.0,0.0,0,0.0,0,0.0,0.0,0.0
280,0.0,0.0,0.0,-7,1,Cardinals,False,False,0,0,a91b5de2-7809-4c9c-b67a-409835c5f17e,Fowler,6,R,46734ad0-e55b-4e2f-8a0d-72387470fcdf,Lester,86.0,87.0,CT,1.0,L,0.0,0,0.0,0.0,0,0.0,0,0.0,0.0,0.0
281,0.0,0.0,0.0,-7,1,Cardinals,True,False,13,GB,b6eb38af-2e03-46ba-b613-9185987940f2,Bader,6,R,46734ad0-e55b-4e2f-8a0d-72387470fcdf,Lester,87.0,86.0,CT,7.0,L,0.0,0,0.0,0.0,0,0.0,0,0.0,0.0,0.0
282,1.0,0.0,0.0,-7,1,Cardinals,False,False,0,0,a8cd51db-4a15-454a-836d-79fe158f7b71,Carpenter,6,L,46734ad0-e55b-4e2f-8a0d-72387470fcdf,Lester,88.0,90.0,FA,3.0,L,0.0,0,0.0,0.0,0,0.0,0,0.0,0.0,0.0
283,1.0,0.0,0.0,-7,1,Cardinals,False,False,0,0,a8cd51db-4a15-454a-836d-79fe158f7b71,Carpenter,6,L,46734ad0-e55b-4e2f-8a0d-72387470fcdf,Lester,89.0,91.0,FA,2.0,L,0.0,0,0.0,0.0,0,0.0,0,0.0,0.0,0.0
284,1.0,0.0,0.0,-7,1,Cardinals,False,False,0,0,a8cd51db-4a15-454a-836d-79fe158f7b71,Carpenter,6,L,46734ad0-e55b-4e2f-8a0d-72387470fcdf,Lester,90.0,91.0,FA,11.0,L,0.0,0,0.0,0.0,0,0.0,0,0.0,0.0,0.0
285,1.0,0.0,0.0,-7,1,Cardinals,False,False,0,0,a8cd51db-4a15-454a-836d-79fe158f7b71,Carpenter,6,L,46734ad0-e55b-4e2f-8a0d-72387470fcdf,Lester,91.0,86.0,CH,11.0,L,0.0,0,0.0,0.0,0,0.0,0,0.0,0.0,0.0
286,1.0,0.0,0.0,-7,1,Cardinals,False,False,13,FB,a8cd51db-4a15-454a-836d-79fe158f7b71,Carpenter,6,L,46734ad0-e55b-4e2f-8a0d-72387470fcdf,Lester,92.0,87.0,CT,5.0,L,0.0,0,0.0,0.0,0,0.0,0,0.0,0.0,0.0
287,1.0,0.0,0.0,-7,1,Cardinals,False,False,0,0,57f0a40f-e0f5-4e76-bd59-b8c4de7a680c,Ozuna,6,R,46734ad0-e55b-4e2f-8a0d-72387470fcdf,Lester,93.0,84.0,CH,4.0,L,0.0,0,0.0,0.0,0,0.0,0,0.0,0.0,0.0
288,1.0,0.0,0.0,-7,1,Cardinals,False,False,0,0,57f0a40f-e0f5-4e76-bd59-b8c4de7a680c,Ozuna,6,R,46734ad0-e55b-4e2f-8a0d-72387470fcdf,Lester,94.0,91.0,FA,4.0,L,0.0,0,0.0,0.0,0,0.0,0,0.0,0.0,0.0
289,1.0,0.0,0.0,-7,1,Cardinals,False,False,0,0,57f0a40f-e0f5-4e76-bd59-b8c4de7a680c,Ozuna,6,R,46734ad0-e55b-4e2f-8a0d-72387470fcdf,Lester,95.0,92.0,FA,13.0,L,0.0,0,0.0,0.0,0,0.0,0,0.0,0.0,0.0
290,1.0,0.0,0.0,-7,1,Cardinals,False,False,21,GB,57f0a40f-e0f5-4e76-bd59-b8c4de7a680c,Ozuna,6,R,46734ad0-e55b-4e2f-8a0d-72387470fcdf,Lester,96.0,86.0,CT,12.0,L,0.0,0,0.0,0.0,0,0.0,0,0.0,0.0,0.0
291,0.0,0.0,0.0,-7,1,Cardinals,False,False,0,0,3f662257-e3e5-41f9-826d-06357392ce5b,Martinez,7,R,74ec59d8-bc35-449a-8026-2c820cd29109,Butler,1.0,91.0,CT,13.0,R,0.0,0,0.0,0.0,0,0.0,0,0.0,0.0,0.0
292,0.0,0.0,0.0,-7,1,Cardinals,False,False,0,0,3f662257-e3e5-41f9-826d-06357392ce5b,Martinez,7,R,74ec59d8-bc35-449a-8026-2c820cd29109,Butler,2.0,87.0,CT,13.0,R,0.0,0,0.0,0.0,0,0.0,0,0.0,0.0,0.0
293,0.0,0.0,0.0,-7,1,Cardinals,False,False,0,0,3f662257-e3e5-41f9-826d-06357392ce5b,Martinez,7,R,74ec59d8-bc35-449a-8026-2c820cd29109,Butler,3.0,91.0,FA,12.0,R,0.0,0,0.0,0.0,0,0.0,0,0.0,0.0,0.0
294,0.0,0.0,0.0,-7,1,Cardinals,False,False,0,0,3f662257-e3e5-41f9-826d-06357392ce5b,Martinez,7,R,74ec59d8-bc35-449a-8026-2c820cd29109,Butler,4.0,93.0,FA,6.0,R,0.0,0,0.0,0.0,0,0.0,0,0.0,0.0,0.0
295,0.0,0.0,0.0,-7,1,Cardinals,False,False,0,0,3f662257-e3e5-41f9-826d-06357392ce5b,Martinez,7,R,74ec59d8-bc35-449a-8026-2c820cd29109,Butler,5.0,93.0,CT,13.0,R,0.0,0,0.0,0.0,0,0.0,0,0.0,0.0,0.0
296,1.0,0.0,0.0,-7,1,Cardinals,False,False,0,0,7ba91363-4aeb-4934-9247-7e642255f031,Peña,7,R,74ec59d8-bc35-449a-8026-2c820cd29109,Butler,6.0,91.0,CT,9.0,R,0.0,0,0.0,0.0,0,0.0,0,0.0,0.0,0.0
297,1.0,0.0,0.0,-7,1,Cardinals,True,False,15,GB,7ba91363-4aeb-4934-9247-7e642255f031,Peña,7,R,74ec59d8-bc35-449a-8026-2c820cd29109,Butler,7.0,91.0,FA,13.0,R,0.0,0,0.0,0.0,0,0.0,0,0.0,0.0,0.0
298,1.0,1.0,0.0,-7,1,Cardinals,False,False,0,0,b9f472ef-aa1a-4d22-a5cb-b3141b807fd0,Gyorko,7,R,74ec59d8-bc35-449a-8026-2c820cd29109,Butler,8.0,91.0,FA,10.0,R,0.0,0,0.0,0.0,0,0.0,0,0.0,0.0,0.0
299,1.0,1.0,0.0,-7,1,Cardinals,True,False,25,GB,b9f472ef-aa1a-4d22-a5cb-b3141b807fd0,Gyorko,7,R,74ec59d8-bc35-449a-8026-2c820cd29109,Butler,9.0,91.0,FA,7.0,R,0.0,0,0.0,0.0,0,0.0,0,0.0,0.0,0.0
300,1.0,1.0,1.0,-7,1,Cardinals,False,False,0,0,cf302aef-cb3a-4626-ba44-a9bc7bbb3f5b,DeJong,7,R,74ec59d8-bc35-449a-8026-2c820cd29109,Butler,10.0,92.0,FA,7.0,R,0.0,0,0.0,0.0,0,0.0,0,0.0,0.0,0.0
301,1.0,1.0,1.0,-7,1,Cardinals,False,False,0,0,cf302aef-cb3a-4626-ba44-a9bc7bbb3f5b,DeJong,7,R,74ec59d8-bc35-449a-8026-2c820cd29109,Butler,11.0,89.0,CT,13.0,R,0.0,0,0.0,0.0,0,0.0,0,0.0,0.0,0.0
302,1.0,1.0,1.0,-7,1,Cardinals,False,False,0,0,cf302aef-cb3a-4626-ba44-a9bc7bbb3f5b,DeJong,7,R,74ec59d8-bc35-449a-8026-2c820cd29109,Butler,12.0,89.0,CT,13.0,R,0.0,0,0.0,0.0,0,0.0,0,0.0,0.0,0.0
303,1.0,1.0,1.0,-7,1,Cardinals,False,False,0,0,cf302aef-cb3a-4626-ba44-a9bc7bbb3f5b,DeJong,7,R,74ec59d8-bc35-449a-8026-2c820cd29109,Butler,13.0,89.0,CT,13.0,R,0.0,0,0.0,0.0,0,0.0,0,0.0,0.0,0.0
304,1.0,1.0,1.0,-7,1,Cardinals,False,False,0,0,cf302aef-cb3a-4626-ba44-a9bc7bbb3f5b,DeJong,7,R,74ec59d8-bc35-449a-8026-2c820cd29109,Butler,14.0,87.0,CH,12.0,R,0.0,0,0.0,0.0,0,0.0,0,0.0,0.0,0.0
305,1.0,1.0,1.0,-7,1,Cardinals,False,False,0,0,cf302aef-cb3a-4626-ba44-a9bc7bbb3f5b,DeJong,7,R,74ec59d8-bc35-449a-8026-2c820cd29109,Butler,15.0,93.0,FA,6.0,R,0.0,0,0.0,0.0,0,0.0,0,0.0,0.0,0.0
306,1.0,1.0,1.0,-7,1,Cardinals,False,False,0,0,cf302aef-cb3a-4626-ba44-a9bc7bbb3f5b,DeJong,7,R,74ec59d8-bc35-449a-8026-2c820cd29109,Butler,16.0,93.0,FA,1.0,R,0.0,0,0.0,0.0,0,0.0,0,0.0,0.0,0.0
307,1.0,1.0,1.0,-7,1,Cardinals,False,False,0,0,cf302aef-cb3a-4626-ba44-a9bc7bbb3f5b,DeJong,7,R,74ec59d8-bc35-449a-8026-2c820cd29109,Butler,17.0,92.0,FA,12.0,R,0.0,0,0.0,0.0,0,0.0,0,0.0,0.0,0.0
308,1.0,1.0,1.0,-6,2,Cardinals,False,False,0,0,cf302aef-cb3a-4626-ba44-a9bc7bbb3f5b,DeJong,7,R,74ec59d8-bc35-449a-8026-2c820cd29109,Butler,18.0,92.0,FA,13.0,R,0.0,0,0.0,0.0,0,0.0,0,0.0,0.0,0.0
309,1.0,1.0,1.0,-6,2,Cardinals,False,False,0,0,343e48ee-be0e-4f0d-a801-dc8cbbce75b4,Wong,7,L,f1053d88-4fd5-4cea-a5f0-546ce9bd8840,Cishek,1.0,76.0,SL,9.0,R,0.0,0,0.0,0.0,0,0.0,0,0.0,0.0,0.0
310,1.0,1.0,1.0,-6,2,Cardinals,False,False,0,0,343e48ee-be0e-4f0d-a801-dc8cbbce75b4,Wong,7,L,f1053d88-4fd5-4cea-a5f0-546ce9bd8840,Cishek,4.0,91.0,FA,4.0,R,0.0,0,0.0,0.0,0,0.0,0,0.0,0.0,0.0
311,1.0,1.0,1.0,-5,3,Cardinals,False,False,0,0,343e48ee-be0e-4f0d-a801-dc8cbbce75b4,Wong,7,L,f1053d88-4fd5-4cea-a5f0-546ce9bd8840,Cishek,5.0,91.0,FA,13.0,R,0.0,0,0.0,0.0,0,0.0,0,0.0,0.0,0.0
312,1.0,0.0,0.0,-3,5,Cardinals,False,False,0,0,b6eb38af-2e03-46ba-b613-9185987940f2,Bader,7,R,f1053d88-4fd5-4cea-a5f0-546ce9bd8840,Cishek,8.0,78.0,CU,13.0,R,0.0,0,0.0,0.0,0,0.0,0,0.0,0.0,0.0
313,1.0,0.0,0.0,-3,5,Cardinals,False,False,0,0,b6eb38af-2e03-46ba-b613-9185987940f2,Bader,7,R,f1053d88-4fd5-4cea-a5f0-546ce9bd8840,Cishek,9.0,91.0,FA,6.0,R,0.0,0,0.0,0.0,0,0.0,0,0.0,0.0,0.0
314,1.0,0.0,0.0,-3,5,Cardinals,False,False,0,0,b6eb38af-2e03-46ba-b613-9185987940f2,Bader,7,R,f1053d88-4fd5-4cea-a5f0-546ce9bd8840,Cishek,10.0,89.0,SI,5.0,R,0.0,0,0.0,0.0,0,0.0,0,0.0,0.0,0.0
315,1.0,0.0,0.0,-3,5,Cardinals,False,False,0,0,b6eb38af-2e03-46ba-b613-9185987940f2,Bader,7,R,f1053d88-4fd5-4cea-a5f0-546ce9bd8840,Cishek,11.0,90.0,SI,13.0,R,0.0,0,0.0,0.0,0,0.0,0,0.0,0.0,0.0
316,1.0,0.0,0.0,-3,5,Cardinals,False,False,0,0,b6eb38af-2e03-46ba-b613-9185987940f2,Bader,7,R,f1053d88-4fd5-4cea-a5f0-546ce9bd8840,Cishek,12.0,77.0,SL,8.0,R,0.0,0,0.0,0.0,0,0.0,0,0.0,0.0,0.0
317,1.0,0.0,0.0,-3,5,Cardinals,False,False,34,PU,b6eb38af-2e03-46ba-b613-9185987940f2,Bader,7,R,f1053d88-4fd5-4cea-a5f0-546ce9bd8840,Cishek,13.0,75.0,SL,6.0,R,0.0,0,0.0,0.0,0,0.0,0,0.0,0.0,0.0
318,1.0,0.0,0.0,-3,5,Cardinals,False,False,0,0,a8ff76c9-1554-421c-baed-2a22fb00ad71,Pham,7,R,f1053d88-4fd5-4cea-a5f0-546ce9bd8840,Cishek,14.0,90.0,SI,11.0,R,0.0,0,0.0,0.0,0,0.0,0,0.0,0.0,0.0
319,1.0,0.0,0.0,-3,5,Cardinals,False,False,13,FB,a8ff76c9-1554-421c-baed-2a22fb00ad71,Pham,7,R,f1053d88-4fd5-4cea-a5f0-546ce9bd8840,Cishek,15.0,89.0,SI,11.0,R,0.0,0,0.0,0.0,0,0.0,0,0.0,0.0,0.0
320,0.0,0.0,0.0,-3,5,Cardinals,False,False,0,0,57f0a40f-e0f5-4e76-bd59-b8c4de7a680c,Ozuna,8,R,10eb3767-83a4-46b9-a072-9a0bc88bc06a,Edwards,2.0,94.0,FA,13.0,R,0.0,0,0.0,0.0,0,0.0,0,0.0,0.0,0.0
321,0.0,0.0,0.0,-3,5,Cardinals,False,False,0,0,57f0a40f-e0f5-4e76-bd59-b8c4de7a680c,Ozuna,8,R,10eb3767-83a4-46b9-a072-9a0bc88bc06a,Edwards,3.0,94.0,FA,12.0,R,0.0,0,0.0,0.0,0,0.0,0,0.0,0.0,0.0
322,0.0,0.0,0.0,-3,5,Cardinals,False,False,0,0,57f0a40f-e0f5-4e76-bd59-b8c4de7a680c,Ozuna,8,R,10eb3767-83a4-46b9-a072-9a0bc88bc06a,Edwards,4.0,92.0,FA,11.0,R,0.0,0,0.0,0.0,0,0.0,0,0.0,0.0,0.0
323,0.0,0.0,0.0,-3,5,Cardinals,False,False,0,0,57f0a40f-e0f5-4e76-bd59-b8c4de7a680c,Ozuna,8,R,10eb3767-83a4-46b9-a072-9a0bc88bc06a,Edwards,5.0,94.0,FA,13.0,R,0.0,0,0.0,0.0,0,0.0,0,0.0,0.0,0.0
324,0.0,0.0,0.0,-3,5,Cardinals,False,False,0,0,3f662257-e3e5-41f9-826d-06357392ce5b,Martinez,8,R,10eb3767-83a4-46b9-a072-9a0bc88bc06a,Edwards,6.0,94.0,FA,1.0,R,0.0,0,0.0,0.0,0,0.0,0,0.0,0.0,0.0
325,0.0,0.0,0.0,-3,5,Cardinals,True,False,14,LD,3f662257-e3e5-41f9-826d-06357392ce5b,Martinez,8,R,10eb3767-83a4-46b9-a072-9a0bc88bc06a,Edwards,7.0,94.0,FA,13.0,R,0.0,0,0.0,0.0,0,0.0,0,0.0,0.0,0.0
326,1.0,0.0,0.0,-3,5,Cardinals,False,False,0,0,7ba91363-4aeb-4934-9247-7e642255f031,Peña,8,R,10eb3767-83a4-46b9-a072-9a0bc88bc06a,Edwards,8.0,94.0,FA,3.0,R,0.0,0,0.0,0.0,0,0.0,0,0.0,0.0,0.0
327,1.0,0.0,0.0,-3,5,Cardinals,False,False,0,0,7ba91363-4aeb-4934-9247-7e642255f031,Peña,8,R,10eb3767-83a4-46b9-a072-9a0bc88bc06a,Edwards,9.0,79.0,CU,13.0,R,0.0,0,0.0,0.0,0,0.0,0,0.0,0.0,0.0
328,1.0,0.0,0.0,-3,5,Cardinals,False,False,0,0,7ba91363-4aeb-4934-9247-7e642255f031,Peña,8,R,10eb3767-83a4-46b9-a072-9a0bc88bc06a,Edwards,10.0,95.0,FA,13.0,R,0.0,0,0.0,0.0,0,0.0,0,0.0,0.0,0.0
329,1.0,0.0,0.0,-3,5,Cardinals,False,False,0,0,7ba91363-4aeb-4934-9247-7e642255f031,Peña,8,R,10eb3767-83a4-46b9-a072-9a0bc88bc06a,Edwards,11.0,94.0,FA,8.0,R,0.0,0,0.0,0.0,0,0.0,0,0.0,0.0,0.0
330,1.0,0.0,0.0,-3,5,Cardinals,False,False,0,0,7ba91363-4aeb-4934-9247-7e642255f031,Peña,8,R,10eb3767-83a4-46b9-a072-9a0bc88bc06a,Edwards,12.0,94.0,FA,8.0,R,0.0,0,0.0,0.0,0,0.0,0,0.0,0.0,0.0
331,1.0,0.0,0.0,-3,5,Cardinals,False,False,0,0,b9f472ef-aa1a-4d22-a5cb-b3141b807fd0,Gyorko,8,R,10eb3767-83a4-46b9-a072-9a0bc88bc06a,Edwards,13.0,81.0,CU,13.0,R,0.0,0,0.0,0.0,0,0.0,0,0.0,0.0,0.0
332,1.0,0.0,0.0,-3,5,Cardinals,False,False,0,0,b9f472ef-aa1a-4d22-a5cb-b3141b807fd0,Gyorko,8,R,10eb3767-83a4-46b9-a072-9a0bc88bc06a,Edwards,14.0,93.0,FA,10.0,R,0.0,0,0.0,0.0,0,0.0,0,0.0,0.0,0.0
333,1.0,0.0,0.0,-3,5,Cardinals,False,False,0,0,b9f472ef-aa1a-4d22-a5cb-b3141b807fd0,Gyorko,8,R,10eb3767-83a4-46b9-a072-9a0bc88bc06a,Edwards,15.0,95.0,FA,4.0,R,0.0,0,0.0,0.0,0,0.0,0,0.0,0.0,0.0
334,1.0,0.0,0.0,-3,5,Cardinals,False,False,0,0,b9f472ef-aa1a-4d22-a5cb-b3141b807fd0,Gyorko,8,R,10eb3767-83a4-46b9-a072-9a0bc88bc06a,Edwards,16.0,92.0,FA,13.0,R,0.0,0,0.0,0.0,0,0.0,0,0.0,0.0,0.0
335,1.0,0.0,0.0,-3,5,Cardinals,False,False,0,0,b9f472ef-aa1a-4d22-a5cb-b3141b807fd0,Gyorko,8,R,10eb3767-83a4-46b9-a072-9a0bc88bc06a,Edwards,17.0,94.0,FA,13.0,R,0.0,0,0.0,0.0,0,0.0,0,0.0,0.0,0.0
336,1.0,1.0,0.0,-3,5,Cardinals,False,False,0,0,cf302aef-cb3a-4626-ba44-a9bc7bbb3f5b,DeJong,8,R,10eb3767-83a4-46b9-a072-9a0bc88bc06a,Edwards,18.0,95.0,FA,9.0,R,0.0,0,0.0,0.0,0,0.0,0,0.0,0.0,0.0
337,1.0,1.0,0.0,-3,5,Cardinals,False,False,0,0,cf302aef-cb3a-4626-ba44-a9bc7bbb3f5b,DeJong,8,R,10eb3767-83a4-46b9-a072-9a0bc88bc06a,Edwards,19.0,95.0,FA,11.0,R,0.0,0,0.0,0.0,0,0.0,0,0.0,0.0,0.0
338,1.0,1.0,0.0,-3,5,Cardinals,False,False,0,0,cf302aef-cb3a-4626-ba44-a9bc7bbb3f5b,DeJong,8,R,10eb3767-83a4-46b9-a072-9a0bc88bc06a,Edwards,20.0,95.0,FA,12.0,R,0.0,0,0.0,0.0,0,0.0,0,0.0,0.0,0.0
339,1.0,1.0,0.0,-3,5,Cardinals,False,False,0,0,cf302aef-cb3a-4626-ba44-a9bc7bbb3f5b,DeJong,8,R,10eb3767-83a4-46b9-a072-9a0bc88bc06a,Edwards,21.0,94.0,FA,4.0,R,0.0,0,0.0,0.0,0,0.0,0,0.0,0.0,0.0
340,1.0,1.0,0.0,-3,5,Cardinals,False,False,0,0,cf302aef-cb3a-4626-ba44-a9bc7bbb3f5b,DeJong,8,R,10eb3767-83a4-46b9-a072-9a0bc88bc06a,Edwards,22.0,95.0,FA,13.0,R,0.0,0,0.0,0.0,0,0.0,0,0.0,0.0,0.0
341,1.0,1.0,0.0,-3,5,Cardinals,False,False,0,0,cf302aef-cb3a-4626-ba44-a9bc7bbb3f5b,DeJong,8,R,10eb3767-83a4-46b9-a072-9a0bc88bc06a,Edwards,23.0,95.0,FA,8.0,R,0.0,0,0.0,0.0,0,0.0,0,0.0,0.0,0.0
342,0.0,0.0,0.0,-3,5,Cardinals,False,False,0,0,343e48ee-be0e-4f0d-a801-dc8cbbce75b4,Wong,9,L,a1b81659-9f06-4fd0-9d5d-78773435723c,Morrow,1.0,94.0,SI,13.0,R,0.0,0,0.0,0.0,0,0.0,0,0.0,0.0,0.0
343,0.0,0.0,0.0,-3,5,Cardinals,False,False,0,0,343e48ee-be0e-4f0d-a801-dc8cbbce75b4,Wong,9,L,a1b81659-9f06-4fd0-9d5d-78773435723c,Morrow,2.0,95.0,SI,7.0,R,0.0,0,0.0,0.0,0,0.0,0,0.0,0.0,0.0
344,0.0,0.0,0.0,-3,5,Cardinals,False,False,0,0,343e48ee-be0e-4f0d-a801-dc8cbbce75b4,Wong,9,L,a1b81659-9f06-4fd0-9d5d-78773435723c,Morrow,3.0,90.0,CT,13.0,R,0.0,0,0.0,0.0,0,0.0,0,0.0,0.0,0.0
345,0.0,0.0,0.0,-3,5,Cardinals,False,False,27,GB,343e48ee-be0e-4f0d-a801-dc8cbbce75b4,Wong,9,L,a1b81659-9f06-4fd0-9d5d-78773435723c,Morrow,4.0,97.0,SI,9.0,R,0.0,0,0.0,0.0,0,0.0,0,0.0,0.0,0.0
346,0.0,0.0,0.0,-3,5,Cardinals,False,False,0,0,a91b5de2-7809-4c9c-b67a-409835c5f17e,Fowler,9,L,a1b81659-9f06-4fd0-9d5d-78773435723c,Morrow,5.0,89.0,CT,12.0,R,0.0,0,0.0,0.0,0,0.0,0,0.0,0.0,0.0
347,0.0,0.0,0.0,-3,5,Cardinals,False,False,0,0,a91b5de2-7809-4c9c-b67a-409835c5f17e,Fowler,9,L,a1b81659-9f06-4fd0-9d5d-78773435723c,Morrow,6.0,90.0,CT,13.0,R,0.0,0,0.0,0.0,0,0.0,0,0.0,0.0,0.0
348,0.0,0.0,0.0,-3,5,Cardinals,False,False,11,FB,a91b5de2-7809-4c9c-b67a-409835c5f17e,Fowler,9,L,a1b81659-9f06-4fd0-9d5d-78773435723c,Morrow,7.0,97.0,FA,11.0,R,0.0,0,0.0,0.0,0,0.0,0,0.0,0.0,0.0
349,0.0,0.0,0.0,-3,5,Cardinals,False,False,0,0,b6eb38af-2e03-46ba-b613-9185987940f2,Bader,9,R,a1b81659-9f06-4fd0-9d5d-78773435723c,Morrow,8.0,95.0,SI,11.0,R,0.0,0,0.0,0.0,0,0.0,0,0.0,0.0,0.0
350,0.0,0.0,0.0,-3,5,Cardinals,False,False,0,0,b6eb38af-2e03-46ba-b613-9185987940f2,Bader,9,R,a1b81659-9f06-4fd0-9d5d-78773435723c,Morrow,9.0,85.0,SL,9.0,R,0.0,0,0.0,0.0,0,0.0,0,0.0,0.0,0.0
351,0.0,0.0,0.0,-3,5,Cardinals,False,False,0,0,b6eb38af-2e03-46ba-b613-9185987940f2,Bader,9,R,a1b81659-9f06-4fd0-9d5d-78773435723c,Morrow,10.0,90.0,CT,7.0,R,0.0,0,0.0,0.0,0,0.0,0,0.0,0.0,0.0
352,0.0,0.0,0.0,-3,5,Cardinals,False,False,0,0,b6eb38af-2e03-46ba-b613-9185987940f2,Bader,9,R,a1b81659-9f06-4fd0-9d5d-78773435723c,Morrow,11.0,97.0,SI,13.0,R,0.0,0,0.0,0.0,0,0.0,0,0.0,0.0,0.0
353,0.0,0.0,0.0,-3,5,Cardinals,False,False,0,0,b6eb38af-2e03-46ba-b613-9185987940f2,Bader,9,R,a1b81659-9f06-4fd0-9d5d-78773435723c,Morrow,12.0,90.0,CT,13.0,R,0.0,0,0.0,0.0,0,0.0,0,0.0,0.0,0.0
354,0.0,0.0,0.0,-3,5,Cardinals,False,False,0,0,b6eb38af-2e03-46ba-b613-9185987940f2,Bader,9,R,a1b81659-9f06-4fd0-9d5d-78773435723c,Morrow,13.0,97.0,SI,8.0,R,0.0,0,0.0,0.0,0,0.0,0,0.0,0.0,0.0
355,0.0,0.0,0.0,0,0,Cardinals,False,False,0,0,a8ff76c9-1554-421c-baed-2a22fb00ad71,Pham,1,R,b1e3b804-0022-40bc-8f53-8c82ee4eb1b9,Quintana,1.0,92.0,FA,6.0,L,0.0,Clear,52.0,57.0,2018-05-05T01:31:03.000Z,68.0,N,8.0,1.0,1.0
356,0.0,0.0,0.0,0,0,Cardinals,False,False,0,0,a8ff76c9-1554-421c-baed-2a22fb00ad71,Pham,1,R,b1e3b804-0022-40bc-8f53-8c82ee4eb1b9,Quintana,2.0,92.0,FA,11.0,L,0.0,Clear,52.0,57.0,2018-05-05T01:31:03.000Z,68.0,N,8.0,1.0,1.0
357,0.0,0.0,0.0,0,0,Cardinals,False,False,0,0,a8ff76c9-1554-421c-baed-2a22fb00ad71,Pham,1,R,b1e3b804-0022-40bc-8f53-8c82ee4eb1b9,Quintana,3.0,92.0,FA,9.0,L,0.0,Clear,52.0,57.0,2018-05-05T01:31:03.000Z,68.0,N,8.0,1.0,1.0
358,0.0,0.0,0.0,0,0,Cardinals,False,False,0,0,a8ff76c9-1554-421c-baed-2a22fb00ad71,Pham,1,R,b1e3b804-0022-40bc-8f53-8c82ee4eb1b9,Quintana,4.0,77.0,CU,12.0,L,0.0,Clear,52.0,57.0,2018-05-05T01:31:03.000Z,68.0,N,8.0,1.0,1.0
359,0.0,0.0,0.0,0,0,Cardinals,False,False,0,0,a8ff76c9-1554-421c-baed-2a22fb00ad71,Pham,1,R,b1e3b804-0022-40bc-8f53-8c82ee4eb1b9,Quintana,5.0,87.0,CH,13.0,L,0.0,Clear,52.0,57.0,2018-05-05T01:31:03.000Z,68.0,N,8.0,1.0,1.0
360,0.0,0.0,0.0,0,0,Cardinals,False,False,0,0,a8ff76c9-1554-421c-baed-2a22fb00ad71,Pham,1,R,b1e3b804-0022-40bc-8f53-8c82ee4eb1b9,Quintana,6.0,86.0,CH,12.0,L,0.0,Clear,52.0,57.0,2018-05-05T01:31:03.000Z,68.0,N,8.0,1.0,1.0
361,0.0,0.0,0.0,0,0,Cardinals,False,False,21,GB,a8ff76c9-1554-421c-baed-2a22fb00ad71,Pham,1,R,b1e3b804-0022-40bc-8f53-8c82ee4eb1b9,Quintana,7.0,93.0,FA,9.0,L,0.0,Clear,52.0,57.0,2018-05-05T01:31:03.000Z,68.0,N,8.0,1.0,1.0
362,0.0,0.0,0.0,0,0,Cardinals,False,False,0,0,a8cd51db-4a15-454a-836d-79fe158f7b71,Carpenter,1,L,b1e3b804-0022-40bc-8f53-8c82ee4eb1b9,Quintana,8.0,91.0,FA,2.0,L,0.0,Clear,52.0,57.0,2018-05-05T01:31:03.000Z,68.0,N,8.0,1.0,1.0
363,0.0,0.0,0.0,0,0,Cardinals,False,False,0,0,a8cd51db-4a15-454a-836d-79fe158f7b71,Carpenter,1,L,b1e3b804-0022-40bc-8f53-8c82ee4eb1b9,Quintana,9.0,92.0,FA,6.0,L,0.0,Clear,52.0,57.0,2018-05-05T01:31:03.000Z,68.0,N,8.0,1.0,1.0
364,0.0,0.0,0.0,0,0,Cardinals,False,False,0,0,a8cd51db-4a15-454a-836d-79fe158f7b71,Carpenter,1,L,b1e3b804-0022-40bc-8f53-8c82ee4eb1b9,Quintana,10.0,92.0,FA,11.0,L,0.0,Clear,52.0,57.0,2018-05-05T01:31:03.000Z,68.0,N,8.0,1.0,1.0
365,0.0,0.0,0.0,0,0,Cardinals,False,False,0,0,a8cd51db-4a15-454a-836d-79fe158f7b71,Carpenter,1,L,b1e3b804-0022-40bc-8f53-8c82ee4eb1b9,Quintana,11.0,92.0,FA,11.0,L,0.0,Clear,52.0,57.0,2018-05-05T01:31:03.000Z,68.0,N,8.0,1.0,1.0
366,0.0,0.0,0.0,0,0,Cardinals,False,False,0,0,a8cd51db-4a15-454a-836d-79fe158f7b71,Carpenter,1,L,b1e3b804-0022-40bc-8f53-8c82ee4eb1b9,Quintana,12.0,88.0,CH,12.0,L,0.0,Clear,52.0,57.0,2018-05-05T01:31:03.000Z,68.0,N,8.0,1.0,1.0
367,0.0,0.0,0.0,0,0,Cardinals,False,False,0,0,a8cd51db-4a15-454a-836d-79fe158f7b71,Carpenter,1,L,b1e3b804-0022-40bc-8f53-8c82ee4eb1b9,Quintana,13.0,92.0,FA,10.0,L,0.0,Clear,52.0,57.0,2018-05-05T01:31:03.000Z,68.0,N,8.0,1.0,1.0
368,1.0,0.0,0.0,0,0,Cardinals,False,False,0,0,3f662257-e3e5-41f9-826d-06357392ce5b,Martinez,1,R,b1e3b804-0022-40bc-8f53-8c82ee4eb1b9,Quintana,14.0,90.0,FA,13.0,L,0.0,Clear,52.0,57.0,2018-05-05T01:31:03.000Z,68.0,N,8.0,1.0,1.0
369,1.0,0.0,0.0,0,0,Cardinals,False,False,0,0,3f662257-e3e5-41f9-826d-06357392ce5b,Martinez,1,R,b1e3b804-0022-40bc-8f53-8c82ee4eb1b9,Quintana,15.0,77.0,CU,12.0,L,0.0,Clear,52.0,57.0,2018-05-05T01:31:03.000Z,68.0,N,8.0,1.0,1.0
370,1.0,0.0,0.0,0,0,Cardinals,False,False,0,0,3f662257-e3e5-41f9-826d-06357392ce5b,Martinez,1,R,b1e3b804-0022-40bc-8f53-8c82ee4eb1b9,Quintana,16.0,91.0,FA,9.0,L,0.0,Clear,52.0,57.0,2018-05-05T01:31:03.000Z,68.0,N,8.0,1.0,1.0
371,1.0,0.0,0.0,0,0,Cardinals,0,0,0,0,3f662257-e3e5-41f9-826d-06357392ce5b,Martinez,1,0,b1e3b804-0022-40bc-8f53-8c82ee4eb1b9,Quintana,0.0,0.0,0,0.0,0,0.0,Clear,52.0,57.0,2018-05-05T01:31:03.000Z,68.0,N,8.0,1.0,1.0
372,1.0,0.0,0.0,0,0,Cardinals,True,False,14,LD,3f662257-e3e5-41f9-826d-06357392ce5b,Martinez,1,R,b1e3b804-0022-40bc-8f53-8c82ee4eb1b9,Quintana,17.0,91.0,FA,2.0,L,0.0,Clear,52.0,57.0,2018-05-05T01:31:03.000Z,68.0,N,8.0,1.0,1.0
373,1.0,1.0,0.0,0,0,Cardinals,False,False,0,0,57f0a40f-e0f5-4e76-bd59-b8c4de7a680c,Ozuna,1,R,b1e3b804-0022-40bc-8f53-8c82ee4eb1b9,Quintana,18.0,86.0,CH,12.0,L,0.0,Clear,52.0,57.0,2018-05-05T01:31:03.000Z,68.0,N,8.0,1.0,1.0
374,1.0,1.0,0.0,0,0,Cardinals,False,False,0,0,57f0a40f-e0f5-4e76-bd59-b8c4de7a680c,Ozuna,1,R,b1e3b804-0022-40bc-8f53-8c82ee4eb1b9,Quintana,19.0,91.0,FA,4.0,L,0.0,Clear,52.0,57.0,2018-05-05T01:31:03.000Z,68.0,N,8.0,1.0,1.0
375,1.0,1.0,0.0,0,0,Cardinals,True,False,11,LD,57f0a40f-e0f5-4e76-bd59-b8c4de7a680c,Ozuna,1,R,b1e3b804-0022-40bc-8f53-8c82ee4eb1b9,Quintana,20.0,76.0,CU,8.0,L,0.0,Clear,52.0,57.0,2018-05-05T01:31:03.000Z,68.0,N,8.0,1.0,1.0
376,1.0,1.0,0.0,0,0,Cardinals,False,False,0,0,6e790e8d-85cb-4c75-8f1f-8c12f410f3ab,Molina,1,R,b1e3b804-0022-40bc-8f53-8c82ee4eb1b9,Quintana,21.0,92.0,FA,13.0,L,0.0,Clear,52.0,57.0,2018-05-05T01:31:03.000Z,68.0,N,8.0,1.0,1.0
377,1.0,1.0,0.0,0,0,Cardinals,False,False,0,0,6e790e8d-85cb-4c75-8f1f-8c12f410f3ab,Molina,1,R,b1e3b804-0022-40bc-8f53-8c82ee4eb1b9,Quintana,22.0,92.0,FA,7.0,L,0.0,Clear,52.0,57.0,2018-05-05T01:31:03.000Z,68.0,N,8.0,1.0,1.0
378,1.0,1.0,0.0,0,0,Cardinals,False,False,0,0,6e790e8d-85cb-4c75-8f1f-8c12f410f3ab,Molina,1,R,b1e3b804-0022-40bc-8f53-8c82ee4eb1b9,Quintana,23.0,77.0,CU,12.0,L,0.0,Clear,52.0,57.0,2018-05-05T01:31:03.000Z,68.0,N,8.0,1.0,1.0
379,1.0,1.0,0.0,0,0,Cardinals,False,False,0,0,6e790e8d-85cb-4c75-8f1f-8c12f410f3ab,Molina,1,R,b1e3b804-0022-40bc-8f53-8c82ee4eb1b9,Quintana,24.0,78.0,CU,5.0,L,0.0,Clear,52.0,57.0,2018-05-05T01:31:03.000Z,68.0,N,8.0,1.0,1.0
380,1.0,1.0,0.0,0,0,Cardinals,False,False,0,0,6e790e8d-85cb-4c75-8f1f-8c12f410f3ab,Molina,1,R,b1e3b804-0022-40bc-8f53-8c82ee4eb1b9,Quintana,25.0,92.0,FA,10.0,L,0.0,Clear,52.0,57.0,2018-05-05T01:31:03.000Z,68.0,N,8.0,1.0,1.0
381,0.0,0.0,0.0,0,0,Cardinals,False,False,0,0,a91b5de2-7809-4c9c-b67a-409835c5f17e,Fowler,2,R,b1e3b804-0022-40bc-8f53-8c82ee4eb1b9,Quintana,26.0,92.0,FA,7.0,L,0.0,Clear,52.0,57.0,2018-05-05T01:31:03.000Z,68.0,N,8.0,1.0,1.0
382,0.0,0.0,0.0,0,0,Cardinals,False,False,0,0,a91b5de2-7809-4c9c-b67a-409835c5f17e,Fowler,2,R,b1e3b804-0022-40bc-8f53-8c82ee4eb1b9,Quintana,27.0,91.0,FA,13.0,L,0.0,Clear,52.0,57.0,2018-05-05T01:31:03.000Z,68.0,N,8.0,1.0,1.0
383,0.0,0.0,0.0,0,0,Cardinals,False,False,0,0,a91b5de2-7809-4c9c-b67a-409835c5f17e,Fowler,2,R,b1e3b804-0022-40bc-8f53-8c82ee4eb1b9,Quintana,28.0,93.0,FA,9.0,L,0.0,Clear,52.0,57.0,2018-05-05T01:31:03.000Z,68.0,N,8.0,1.0,1.0
384,0.0,0.0,0.0,0,0,Cardinals,False,False,0,0,a91b5de2-7809-4c9c-b67a-409835c5f17e,Fowler,2,R,b1e3b804-0022-40bc-8f53-8c82ee4eb1b9,Quintana,29.0,88.0,CH,12.0,L,0.0,Clear,52.0,57.0,2018-05-05T01:31:03.000Z,68.0,N,8.0,1.0,1.0
385,0.0,0.0,0.0,0,0,Cardinals,False,False,0,0,a91b5de2-7809-4c9c-b67a-409835c5f17e,Fowler,2,R,b1e3b804-0022-40bc-8f53-8c82ee4eb1b9,Quintana,30.0,91.0,FA,11.0,L,0.0,Clear,52.0,57.0,2018-05-05T01:31:03.000Z,68.0,N,8.0,1.0,1.0
386,0.0,0.0,0.0,0,0,Cardinals,False,False,0,0,a91b5de2-7809-4c9c-b67a-409835c5f17e,Fowler,2,R,b1e3b804-0022-40bc-8f53-8c82ee4eb1b9,Quintana,31.0,91.0,FA,6.0,L,0.0,Clear,52.0,57.0,2018-05-05T01:31:03.000Z,68.0,N,8.0,1.0,1.0
387,0.0,0.0,0.0,0,0,Cardinals,False,False,0,0,a91b5de2-7809-4c9c-b67a-409835c5f17e,Fowler,2,R,b1e3b804-0022-40bc-8f53-8c82ee4eb1b9,Quintana,32.0,92.0,FA,2.0,L,0.0,Clear,52.0,57.0,2018-05-05T01:31:03.000Z,68.0,N,8.0,1.0,1.0
388,0.0,0.0,0.0,0,0,Cardinals,False,False,22,GB,a91b5de2-7809-4c9c-b67a-409835c5f17e,Fowler,2,R,b1e3b804-0022-40bc-8f53-8c82ee4eb1b9,Quintana,33.0,92.0,FA,9.0,L,0.0,Clear,52.0,57.0,2018-05-05T01:31:03.000Z,68.0,N,8.0,1.0,1.0
389,1.0,0.0,0.0,0,0,Cardinals,False,False,0,0,b9f472ef-aa1a-4d22-a5cb-b3141b807fd0,Gyorko,2,R,b1e3b804-0022-40bc-8f53-8c82ee4eb1b9,Quintana,34.0,91.0,FA,2.0,L,0.0,Clear,52.0,57.0,2018-05-05T01:31:03.000Z,68.0,N,8.0,1.0,1.0
390,1.0,0.0,0.0,0,0,Cardinals,0,0,0,0,b9f472ef-aa1a-4d22-a5cb-b3141b807fd0,Gyorko,2,0,b1e3b804-0022-40bc-8f53-8c82ee4eb1b9,Quintana,0.0,0.0,0,0.0,0,0.0,Clear,52.0,57.0,2018-05-05T01:31:03.000Z,68.0,N,8.0,1.0,1.0
391,1.0,0.0,0.0,0,0,Cardinals,True,False,25,GB,b9f472ef-aa1a-4d22-a5cb-b3141b807fd0,Gyorko,2,R,b1e3b804-0022-40bc-8f53-8c82ee4eb1b9,Quintana,36.0,91.0,FA,4.0,L,0.0,Clear,52.0,57.0,2018-05-05T01:31:03.000Z,68.0,N,8.0,1.0,1.0
392,1.0,1.0,0.0,0,0,Cardinals,False,False,0,0,cf302aef-cb3a-4626-ba44-a9bc7bbb3f5b,DeJong,2,R,b1e3b804-0022-40bc-8f53-8c82ee4eb1b9,Quintana,37.0,91.0,FA,6.0,L,0.0,Clear,52.0,57.0,2018-05-05T01:31:03.000Z,68.0,N,8.0,1.0,1.0
393,1.0,1.0,0.0,0,0,Cardinals,False,False,15,LD,cf302aef-cb3a-4626-ba44-a9bc7bbb3f5b,DeJong,2,R,b1e3b804-0022-40bc-8f53-8c82ee4eb1b9,Quintana,38.0,92.0,FA,5.0,L,0.0,Clear,52.0,57.0,2018-05-05T01:31:03.000Z,68.0,N,8.0,1.0,1.0
394,1.0,1.0,0.0,0,0,Cardinals,False,False,0,0,262b24b7-ce98-4885-8715-2732a61db10d,Mikolas,2,R,b1e3b804-0022-40bc-8f53-8c82ee4eb1b9,Quintana,39.0,78.0,CU,9.0,L,0.0,Clear,52.0,57.0,2018-05-05T01:31:03.000Z,68.0,N,8.0,1.0,1.0
395,1.0,1.0,0.0,0,0,Cardinals,False,False,0,0,262b24b7-ce98-4885-8715-2732a61db10d,Mikolas,2,R,b1e3b804-0022-40bc-8f53-8c82ee4eb1b9,Quintana,40.0,92.0,FA,1.0,L,0.0,Clear,52.0,57.0,2018-05-05T01:31:03.000Z,68.0,N,8.0,1.0,1.0
396,1.0,1.0,0.0,0,0,Cardinals,False,False,0,0,262b24b7-ce98-4885-8715-2732a61db10d,Mikolas,2,R,b1e3b804-0022-40bc-8f53-8c82ee4eb1b9,Quintana,41.0,93.0,FA,3.0,L,0.0,Clear,52.0,57.0,2018-05-05T01:31:03.000Z,68.0,N,8.0,1.0,1.0
397,1.0,1.0,0.0,0,0,Cardinals,False,False,0,0,a8ff76c9-1554-421c-baed-2a22fb00ad71,Pham,2,R,b1e3b804-0022-40bc-8f53-8c82ee4eb1b9,Quintana,42.0,78.0,CU,11.0,L,0.0,Clear,52.0,57.0,2018-05-05T01:31:03.000Z,68.0,N,8.0,1.0,1.0
398,1.0,1.0,0.0,0,0,Cardinals,False,False,0,0,a8ff76c9-1554-421c-baed-2a22fb00ad71,Pham,2,R,b1e3b804-0022-40bc-8f53-8c82ee4eb1b9,Quintana,43.0,78.0,CU,12.0,L,0.0,Clear,52.0,57.0,2018-05-05T01:31:03.000Z,68.0,N,8.0,1.0,1.0
399,1.0,1.0,0.0,3,3,Cardinals,True,False,1,LD,a8ff76c9-1554-421c-baed-2a22fb00ad71,Pham,2,R,b1e3b804-0022-40bc-8f53-8c82ee4eb1b9,Quintana,44.0,92.0,FA,9.0,L,0.0,Clear,52.0,57.0,2018-05-05T01:31:03.000Z,68.0,N,8.0,1.0,1.0
400,0.0,0.0,0.0,3,3,Cardinals,False,False,0,0,a8cd51db-4a15-454a-836d-79fe158f7b71,Carpenter,2,L,b1e3b804-0022-40bc-8f53-8c82ee4eb1b9,Quintana,45.0,91.0,FA,3.0,L,0.0,Clear,52.0,57.0,2018-05-05T01:31:03.000Z,68.0,N,8.0,1.0,1.0
401,0.0,0.0,0.0,3,3,Cardinals,False,False,0,0,a8cd51db-4a15-454a-836d-79fe158f7b71,Carpenter,2,L,b1e3b804-0022-40bc-8f53-8c82ee4eb1b9,Quintana,46.0,91.0,FA,9.0,L,0.0,Clear,52.0,57.0,2018-05-05T01:31:03.000Z,68.0,N,8.0,1.0,1.0
402,0.0,0.0,0.0,3,3,Cardinals,False,False,0,0,a8cd51db-4a15-454a-836d-79fe158f7b71,Carpenter,2,L,b1e3b804-0022-40bc-8f53-8c82ee4eb1b9,Quintana,47.0,77.0,CU,11.0,L,0.0,Clear,52.0,57.0,2018-05-05T01:31:03.000Z,68.0,N,8.0,1.0,1.0
403,0.0,0.0,0.0,3,3,Cardinals,False,False,0,0,a8cd51db-4a15-454a-836d-79fe158f7b71,Carpenter,2,L,b1e3b804-0022-40bc-8f53-8c82ee4eb1b9,Quintana,48.0,87.0,CH,12.0,L,0.0,Clear,52.0,57.0,2018-05-05T01:31:03.000Z,68.0,N,8.0,1.0,1.0
404,0.0,0.0,0.0,3,3,Cardinals,False,False,0,0,3f662257-e3e5-41f9-826d-06357392ce5b,Martinez,3,R,b1e3b804-0022-40bc-8f53-8c82ee4eb1b9,Quintana,49.0,92.0,FA,7.0,L,0.0,Clear,52.0,57.0,2018-05-05T01:31:03.000Z,68.0,N,8.0,1.0,1.0
405,0.0,0.0,0.0,3,3,Cardinals,False,False,0,0,3f662257-e3e5-41f9-826d-06357392ce5b,Martinez,3,R,b1e3b804-0022-40bc-8f53-8c82ee4eb1b9,Quintana,50.0,87.0,CH,12.0,L,0.0,Clear,52.0,57.0,2018-05-05T01:31:03.000Z,68.0,N,8.0,1.0,1.0
406,0.0,0.0,0.0,3,3,Cardinals,True,False,15,LD,3f662257-e3e5-41f9-826d-06357392ce5b,Martinez,3,R,b1e3b804-0022-40bc-8f53-8c82ee4eb1b9,Quintana,51.0,91.0,FA,4.0,L,0.0,Clear,52.0,57.0,2018-05-05T01:31:03.000Z,68.0,N,8.0,1.0,1.0
407,1.0,0.0,0.0,3,3,Cardinals,False,False,0,0,57f0a40f-e0f5-4e76-bd59-b8c4de7a680c,Ozuna,3,R,b1e3b804-0022-40bc-8f53-8c82ee4eb1b9,Quintana,52.0,89.0,FA,13.0,L,0.0,Clear,52.0,57.0,2018-05-05T01:31:03.000Z,68.0,N,8.0,1.0,1.0
408,1.0,0.0,0.0,3,3,Cardinals,False,False,0,0,57f0a40f-e0f5-4e76-bd59-b8c4de7a680c,Ozuna,3,R,b1e3b804-0022-40bc-8f53-8c82ee4eb1b9,Quintana,53.0,77.0,CU,11.0,L,0.0,Clear,52.0,57.0,2018-05-05T01:31:03.000Z,68.0,N,8.0,1.0,1.0
409,1.0,0.0,0.0,3,3,Cardinals,False,False,0,0,57f0a40f-e0f5-4e76-bd59-b8c4de7a680c,Ozuna,3,R,b1e3b804-0022-40bc-8f53-8c82ee4eb1b9,Quintana,54.0,92.0,FA,13.0,L,0.0,Clear,52.0,57.0,2018-05-05T01:31:03.000Z,68.0,N,8.0,1.0,1.0
410,1.0,0.0,0.0,3,3,Cardinals,False,False,0,0,57f0a40f-e0f5-4e76-bd59-b8c4de7a680c,Ozuna,3,R,b1e3b804-0022-40bc-8f53-8c82ee4eb1b9,Quintana,55.0,92.0,FA,7.0,L,0.0,Clear,52.0,57.0,2018-05-05T01:31:03.000Z,68.0,N,8.0,1.0,1.0
411,1.0,0.0,0.0,3,3,Cardinals,False,False,0,0,57f0a40f-e0f5-4e76-bd59-b8c4de7a680c,Ozuna,3,R,b1e3b804-0022-40bc-8f53-8c82ee4eb1b9,Quintana,56.0,91.0,FA,11.0,L,0.0,Clear,52.0,57.0,2018-05-05T01:31:03.000Z,68.0,N,8.0,1.0,1.0
412,1.0,1.0,0.0,3,3,Cardinals,False,False,0,0,6e790e8d-85cb-4c75-8f1f-8c12f410f3ab,Molina,3,R,b1e3b804-0022-40bc-8f53-8c82ee4eb1b9,Quintana,57.0,92.0,FA,5.0,L,0.0,Clear,52.0,57.0,2018-05-05T01:31:03.000Z,68.0,N,8.0,1.0,1.0
413,1.0,1.0,0.0,3,3,Cardinals,False,False,0,0,6e790e8d-85cb-4c75-8f1f-8c12f410f3ab,Molina,3,R,b1e3b804-0022-40bc-8f53-8c82ee4eb1b9,Quintana,58.0,76.0,CU,12.0,L,0.0,Clear,52.0,57.0,2018-05-05T01:31:03.000Z,68.0,N,8.0,1.0,1.0
414,1.0,1.0,0.0,3,3,Cardinals,False,False,21,GB,6e790e8d-85cb-4c75-8f1f-8c12f410f3ab,Molina,3,R,b1e3b804-0022-40bc-8f53-8c82ee4eb1b9,Quintana,59.0,91.0,FA,13.0,L,0.0,Clear,52.0,57.0,2018-05-05T01:31:03.000Z,68.0,N,8.0,1.0,1.0
415,0.0,0.0,1.0,3,3,Cardinals,False,False,0,0,a91b5de2-7809-4c9c-b67a-409835c5f17e,Fowler,3,R,b1e3b804-0022-40bc-8f53-8c82ee4eb1b9,Quintana,60.0,77.0,CU,12.0,L,0.0,Clear,52.0,57.0,2018-05-05T01:31:03.000Z,68.0,N,8.0,1.0,1.0
416,0.0,0.0,1.0,3,3,Cardinals,False,False,0,0,a91b5de2-7809-4c9c-b67a-409835c5f17e,Fowler,3,R,b1e3b804-0022-40bc-8f53-8c82ee4eb1b9,Quintana,61.0,76.0,CU,12.0,L,0.0,Clear,52.0,57.0,2018-05-05T01:31:03.000Z,68.0,N,8.0,1.0,1.0
417,0.0,0.0,1.0,3,3,Cardinals,False,False,0,0,a91b5de2-7809-4c9c-b67a-409835c5f17e,Fowler,3,R,b1e3b804-0022-40bc-8f53-8c82ee4eb1b9,Quintana,62.0,91.0,FA,10.0,L,0.0,Clear,52.0,57.0,2018-05-05T01:31:03.000Z,68.0,N,8.0,1.0,1.0
418,0.0,0.0,1.0,3,3,Cardinals,False,False,0,0,a91b5de2-7809-4c9c-b67a-409835c5f17e,Fowler,3,R,b1e3b804-0022-40bc-8f53-8c82ee4eb1b9,Quintana,63.0,92.0,FA,11.0,L,0.0,Clear,52.0,57.0,2018-05-05T01:31:03.000Z,68.0,N,8.0,1.0,1.0
419,0.0,0.0,1.0,3,3,Cardinals,False,False,0,0,a91b5de2-7809-4c9c-b67a-409835c5f17e,Fowler,3,R,b1e3b804-0022-40bc-8f53-8c82ee4eb1b9,Quintana,64.0,90.0,FA,13.0,L,0.0,Clear,52.0,57.0,2018-05-05T01:31:03.000Z,68.0,N,8.0,1.0,1.0
420,1.0,0.0,1.0,3,3,Cardinals,False,False,0,0,b9f472ef-aa1a-4d22-a5cb-b3141b807fd0,Gyorko,3,R,b1e3b804-0022-40bc-8f53-8c82ee4eb1b9,Quintana,65.0,87.0,CH,7.0,L,0.0,Clear,52.0,57.0,2018-05-05T01:31:03.000Z,68.0,N,8.0,1.0,1.0
421,1.0,0.0,1.0,3,3,Cardinals,False,False,0,0,b9f472ef-aa1a-4d22-a5cb-b3141b807fd0,Gyorko,3,R,b1e3b804-0022-40bc-8f53-8c82ee4eb1b9,Quintana,66.0,90.0,FA,10.0,L,0.0,Clear,52.0,57.0,2018-05-05T01:31:03.000Z,68.0,N,8.0,1.0,1.0
422,1.0,0.0,1.0,3,3,Cardinals,False,False,0,0,b9f472ef-aa1a-4d22-a5cb-b3141b807fd0,Gyorko,3,R,b1e3b804-0022-40bc-8f53-8c82ee4eb1b9,Quintana,67.0,92.0,FA,13.0,L,0.0,Clear,52.0,57.0,2018-05-05T01:31:03.000Z,68.0,N,8.0,1.0,1.0
423,1.0,0.0,1.0,3,3,Cardinals,False,False,0,0,b9f472ef-aa1a-4d22-a5cb-b3141b807fd0,Gyorko,3,R,b1e3b804-0022-40bc-8f53-8c82ee4eb1b9,Quintana,68.0,87.0,CH,12.0,L,0.0,Clear,52.0,57.0,2018-05-05T01:31:03.000Z,68.0,N,8.0,1.0,1.0
424,1.0,0.0,1.0,3,3,Cardinals,False,False,0,0,b9f472ef-aa1a-4d22-a5cb-b3141b807fd0,Gyorko,3,R,b1e3b804-0022-40bc-8f53-8c82ee4eb1b9,Quintana,69.0,91.0,FA,11.0,L,0.0,Clear,52.0,57.0,2018-05-05T01:31:03.000Z,68.0,N,8.0,1.0,1.0
425,0.0,0.0,0.0,3,3,Cardinals,False,False,0,0,cf302aef-cb3a-4626-ba44-a9bc7bbb3f5b,DeJong,4,R,b1e3b804-0022-40bc-8f53-8c82ee4eb1b9,Quintana,70.0,91.0,FA,12.0,L,0.0,Clear,52.0,57.0,2018-05-05T01:31:03.000Z,68.0,N,8.0,1.0,1.0
426,0.0,0.0,0.0,3,3,Cardinals,False,False,0,0,cf302aef-cb3a-4626-ba44-a9bc7bbb3f5b,DeJong,4,R,b1e3b804-0022-40bc-8f53-8c82ee4eb1b9,Quintana,71.0,88.0,FA,13.0,L,0.0,Clear,52.0,57.0,2018-05-05T01:31:03.000Z,68.0,N,8.0,1.0,1.0
427,0.0,0.0,0.0,3,3,Cardinals,False,False,0,0,cf302aef-cb3a-4626-ba44-a9bc7bbb3f5b,DeJong,4,R,b1e3b804-0022-40bc-8f53-8c82ee4eb1b9,Quintana,72.0,91.0,FA,7.0,L,0.0,Clear,52.0,57.0,2018-05-05T01:31:03.000Z,68.0,N,8.0,1.0,1.0
428,0.0,0.0,0.0,3,3,Cardinals,False,False,0,0,cf302aef-cb3a-4626-ba44-a9bc7bbb3f5b,DeJong,4,R,b1e3b804-0022-40bc-8f53-8c82ee4eb1b9,Quintana,73.0,91.0,FA,7.0,L,0.0,Clear,52.0,57.0,2018-05-05T01:31:03.000Z,68.0,N,8.0,1.0,1.0
429,0.0,0.0,0.0,3,3,Cardinals,False,False,0,0,cf302aef-cb3a-4626-ba44-a9bc7bbb3f5b,DeJong,4,R,b1e3b804-0022-40bc-8f53-8c82ee4eb1b9,Quintana,74.0,92.0,FA,11.0,L,0.0,Clear,52.0,57.0,2018-05-05T01:31:03.000Z,68.0,N,8.0,1.0,1.0
430,0.0,0.0,0.0,3,3,Cardinals,False,False,0,0,cf302aef-cb3a-4626-ba44-a9bc7bbb3f5b,DeJong,4,R,b1e3b804-0022-40bc-8f53-8c82ee4eb1b9,Quintana,75.0,92.0,FA,12.0,L,0.0,Clear,52.0,57.0,2018-05-05T01:31:03.000Z,68.0,N,8.0,1.0,1.0
431,0.0,0.0,0.0,3,3,Cardinals,False,False,0,0,cf302aef-cb3a-4626-ba44-a9bc7bbb3f5b,DeJong,4,R,b1e3b804-0022-40bc-8f53-8c82ee4eb1b9,Quintana,76.0,92.0,FA,13.0,L,0.0,Clear,52.0,57.0,2018-05-05T01:31:03.000Z,68.0,N,8.0,1.0,1.0
432,1.0,0.0,0.0,3,3,Cardinals,False,False,0,0,262b24b7-ce98-4885-8715-2732a61db10d,Mikolas,4,R,b1e3b804-0022-40bc-8f53-8c82ee4eb1b9,Quintana,77.0,90.0,FA,12.0,L,0.0,Clear,52.0,57.0,2018-05-05T01:31:03.000Z,68.0,N,8.0,1.0,1.0
433,1.0,0.0,0.0,3,3,Cardinals,False,False,10,LD,262b24b7-ce98-4885-8715-2732a61db10d,Mikolas,4,R,b1e3b804-0022-40bc-8f53-8c82ee4eb1b9,Quintana,78.0,91.0,FA,7.0,L,0.0,Clear,52.0,57.0,2018-05-05T01:31:03.000Z,68.0,N,8.0,1.0,1.0
434,1.0,0.0,0.0,3,3,Cardinals,False,False,0,0,a8ff76c9-1554-421c-baed-2a22fb00ad71,Pham,4,R,b1e3b804-0022-40bc-8f53-8c82ee4eb1b9,Quintana,79.0,91.0,FA,2.0,L,0.0,Clear,52.0,57.0,2018-05-05T01:31:03.000Z,68.0,N,8.0,1.0,1.0
435,1.0,0.0,0.0,3,3,Cardinals,False,False,0,0,a8ff76c9-1554-421c-baed-2a22fb00ad71,Pham,4,R,b1e3b804-0022-40bc-8f53-8c82ee4eb1b9,Quintana,80.0,91.0,FA,1.0,L,0.0,Clear,52.0,57.0,2018-05-05T01:31:03.000Z,68.0,N,8.0,1.0,1.0
436,1.0,0.0,0.0,3,3,Cardinals,False,False,0,0,a8ff76c9-1554-421c-baed-2a22fb00ad71,Pham,4,R,b1e3b804-0022-40bc-8f53-8c82ee4eb1b9,Quintana,81.0,91.0,FA,10.0,L,0.0,Clear,52.0,57.0,2018-05-05T01:31:03.000Z,68.0,N,8.0,1.0,1.0
437,1.0,0.0,0.0,3,3,Cardinals,0,0,0,0,a8ff76c9-1554-421c-baed-2a22fb00ad71,Pham,4,0,b1e3b804-0022-40bc-8f53-8c82ee4eb1b9,Quintana,0.0,0.0,0,0.0,0,0.0,Clear,52.0,57.0,2018-05-05T01:31:03.000Z,68.0,N,8.0,1.0,1.0
438,1.0,0.0,0.0,3,3,Cardinals,False,False,13,LD,a8ff76c9-1554-421c-baed-2a22fb00ad71,Pham,4,R,b1e3b804-0022-40bc-8f53-8c82ee4eb1b9,Quintana,82.0,90.0,FA,5.0,L,0.0,Clear,52.0,57.0,2018-05-05T01:31:03.000Z,68.0,N,8.0,1.0,1.0
439,1.0,0.0,0.0,3,3,Cardinals,0,0,0,0,a8cd51db-4a15-454a-836d-79fe158f7b71,Carpenter,4,0,b1e3b804-0022-40bc-8f53-8c82ee4eb1b9,Quintana,0.0,0.0,0,0.0,0,0.0,Clear,52.0,57.0,2018-05-05T01:31:03.000Z,68.0,N,8.0,1.0,1.0
440,1.0,0.0,0.0,3,3,Cardinals,False,False,0,0,a8cd51db-4a15-454a-836d-79fe158f7b71,Carpenter,4,L,b1e3b804-0022-40bc-8f53-8c82ee4eb1b9,Quintana,83.0,90.0,FA,10.0,L,0.0,Clear,52.0,57.0,2018-05-05T01:31:03.000Z,68.0,N,8.0,1.0,1.0
441,1.0,0.0,0.0,3,3,Cardinals,False,False,0,0,a8cd51db-4a15-454a-836d-79fe158f7b71,Carpenter,4,L,b1e3b804-0022-40bc-8f53-8c82ee4eb1b9,Quintana,84.0,77.0,CU,12.0,L,0.0,Clear,52.0,57.0,2018-05-05T01:31:03.000Z,68.0,N,8.0,1.0,1.0
442,1.0,0.0,0.0,3,3,Cardinals,False,False,0,0,a8cd51db-4a15-454a-836d-79fe158f7b71,Carpenter,4,L,b1e3b804-0022-40bc-8f53-8c82ee4eb1b9,Quintana,85.0,91.0,FA,9.0,L,0.0,Clear,52.0,57.0,2018-05-05T01:31:03.000Z,68.0,N,8.0,1.0,1.0
443,1.0,0.0,0.0,3,3,Cardinals,False,False,0,0,a8cd51db-4a15-454a-836d-79fe158f7b71,Carpenter,4,L,b1e3b804-0022-40bc-8f53-8c82ee4eb1b9,Quintana,86.0,91.0,FA,9.0,L,0.0,Clear,52.0,57.0,2018-05-05T01:31:03.000Z,68.0,N,8.0,1.0,1.0
444,1.0,0.0,0.0,3,3,Cardinals,False,False,0,0,a8cd51db-4a15-454a-836d-79fe158f7b71,Carpenter,4,L,b1e3b804-0022-40bc-8f53-8c82ee4eb1b9,Quintana,87.0,92.0,FA,13.0,L,0.0,Clear,52.0,57.0,2018-05-05T01:31:03.000Z,68.0,N,8.0,1.0,1.0
445,1.0,0.0,0.0,3,3,Cardinals,False,False,24,GB,a8cd51db-4a15-454a-836d-79fe158f7b71,Carpenter,4,L,b1e3b804-0022-40bc-8f53-8c82ee4eb1b9,Quintana,88.0,91.0,FA,6.0,L,0.0,Clear,52.0,57.0,2018-05-05T01:31:03.000Z,68.0,N,8.0,1.0,1.0
446,0.0,0.0,0.0,3,3,Cardinals,False,False,0,0,3f662257-e3e5-41f9-826d-06357392ce5b,Martinez,5,R,f1053d88-4fd5-4cea-a5f0-546ce9bd8840,Cishek,1.0,77.0,SL,13.0,R,0.0,Clear,52.0,57.0,2018-05-05T01:31:03.000Z,68.0,N,8.0,1.0,1.0
447,0.0,0.0,0.0,3,3,Cardinals,False,False,0,0,3f662257-e3e5-41f9-826d-06357392ce5b,Martinez,5,R,f1053d88-4fd5-4cea-a5f0-546ce9bd8840,Cishek,2.0,78.0,SL,13.0,R,0.0,Clear,52.0,57.0,2018-05-05T01:31:03.000Z,68.0,N,8.0,1.0,1.0
448,0.0,0.0,0.0,3,3,Cardinals,False,False,10,LD,3f662257-e3e5-41f9-826d-06357392ce5b,Martinez,5,R,f1053d88-4fd5-4cea-a5f0-546ce9bd8840,Cishek,3.0,76.0,SL,5.0,R,0.0,Clear,52.0,57.0,2018-05-05T01:31:03.000Z,68.0,N,8.0,1.0,1.0
449,0.0,0.0,0.0,3,3,Cardinals,False,False,0,0,57f0a40f-e0f5-4e76-bd59-b8c4de7a680c,Ozuna,5,R,f1053d88-4fd5-4cea-a5f0-546ce9bd8840,Cishek,4.0,78.0,SL,13.0,R,0.0,Clear,52.0,57.0,2018-05-05T01:31:03.000Z,68.0,N,8.0,1.0,1.0
450,0.0,0.0,0.0,3,3,Cardinals,False,False,0,0,57f0a40f-e0f5-4e76-bd59-b8c4de7a680c,Ozuna,5,R,f1053d88-4fd5-4cea-a5f0-546ce9bd8840,Cishek,5.0,90.0,SI,7.0,R,0.0,Clear,52.0,57.0,2018-05-05T01:31:03.000Z,68.0,N,8.0,1.0,1.0
451,0.0,0.0,0.0,3,3,Cardinals,False,False,0,0,57f0a40f-e0f5-4e76-bd59-b8c4de7a680c,Ozuna,5,R,f1053d88-4fd5-4cea-a5f0-546ce9bd8840,Cishek,6.0,90.0,SI,9.0,R,0.0,Clear,52.0,57.0,2018-05-05T01:31:03.000Z,68.0,N,8.0,1.0,1.0
452,0.0,0.0,0.0,3,3,Cardinals,False,False,0,0,57f0a40f-e0f5-4e76-bd59-b8c4de7a680c,Ozuna,5,R,f1053d88-4fd5-4cea-a5f0-546ce9bd8840,Cishek,7.0,89.0,FA,10.0,R,0.0,Clear,52.0,57.0,2018-05-05T01:31:03.000Z,68.0,N,8.0,1.0,1.0
453,0.0,0.0,0.0,3,3,Cardinals,False,False,0,0,57f0a40f-e0f5-4e76-bd59-b8c4de7a680c,Ozuna,5,R,f1053d88-4fd5-4cea-a5f0-546ce9bd8840,Cishek,8.0,89.0,SI,12.0,R,0.0,Clear,52.0,57.0,2018-05-05T01:31:03.000Z,68.0,N,8.0,1.0,1.0
454,0.0,0.0,0.0,3,3,Cardinals,False,False,0,0,57f0a40f-e0f5-4e76-bd59-b8c4de7a680c,Ozuna,5,R,f1053d88-4fd5-4cea-a5f0-546ce9bd8840,Cishek,9.0,89.0,SI,3.0,R,0.0,Clear,52.0,57.0,2018-05-05T01:31:03.000Z,68.0,N,8.0,1.0,1.0
455,0.0,0.0,0.0,3,3,Cardinals,False,False,0,0,57f0a40f-e0f5-4e76-bd59-b8c4de7a680c,Ozuna,5,R,f1053d88-4fd5-4cea-a5f0-546ce9bd8840,Cishek,10.0,89.0,SI,5.0,R,0.0,Clear,52.0,57.0,2018-05-05T01:31:03.000Z,68.0,N,8.0,1.0,1.0
456,0.0,0.0,0.0,3,3,Cardinals,True,False,15,GB,57f0a40f-e0f5-4e76-bd59-b8c4de7a680c,Ozuna,5,R,f1053d88-4fd5-4cea-a5f0-546ce9bd8840,Cishek,11.0,90.0,SI,9.0,R,0.0,Clear,52.0,57.0,2018-05-05T01:31:03.000Z,68.0,N,8.0,1.0,1.0
457,1.0,0.0,0.0,3,3,Cardinals,False,False,0,0,6e790e8d-85cb-4c75-8f1f-8c12f410f3ab,Molina,5,R,f1053d88-4fd5-4cea-a5f0-546ce9bd8840,Cishek,12.0,89.0,SI,8.0,R,0.0,Clear,52.0,57.0,2018-05-05T01:31:03.000Z,68.0,N,8.0,1.0,1.0
458,1.0,0.0,0.0,3,3,Cardinals,False,False,6,LD,6e790e8d-85cb-4c75-8f1f-8c12f410f3ab,Molina,5,R,f1053d88-4fd5-4cea-a5f0-546ce9bd8840,Cishek,13.0,76.0,SL,6.0,R,0.0,Clear,52.0,57.0,2018-05-05T01:31:03.000Z,68.0,N,8.0,1.0,1.0
459,1.0,0.0,0.0,3,3,Cardinals,False,False,0,0,a91b5de2-7809-4c9c-b67a-409835c5f17e,Fowler,5,L,f1053d88-4fd5-4cea-a5f0-546ce9bd8840,Cishek,15.0,89.0,SI,12.0,R,0.0,Clear,52.0,57.0,2018-05-05T01:31:03.000Z,68.0,N,8.0,1.0,1.0
460,1.0,0.0,0.0,3,3,Cardinals,False,False,0,0,a91b5de2-7809-4c9c-b67a-409835c5f17e,Fowler,5,L,f1053d88-4fd5-4cea-a5f0-546ce9bd8840,Cishek,16.0,89.0,SI,8.0,R,0.0,Clear,52.0,57.0,2018-05-05T01:31:03.000Z,68.0,N,8.0,1.0,1.0
